1864 2982
473 191 674 256 LlBER
707 192 744 236 1.
845 192 1027 248 XXIX,
1062 192 1202 235 XXX

726 370 929 421 XXIX.

267 472 405 545 ‘Icci,
444 474 609 524 beatis
643 491 782 524 nunc
817 476 1055 524 Arabum
1091 474 1296 524 invides

283 555 422 619 gazis
455 559 509 605 et
539 573 712 606 acrem
746 557 992 606 militiam
1025 573 1175 620 paras

349 655 455 687 non
489 641 610 688 ante
648 639 864 689 devictis
901 640 1124 690 Sabaeae

422 721 634 784 regibus
669 721 1008 785 horribilique
1045 722 1199 771 Medo

283 830 451 880 nectis
485 833 691 880 catenas
705 833 733 882 ⁸?
779 849 909 896 quae
943 832 1040 881 tibi
1077 833 1343 895 virginum

284 929 475 976 sponso
511 916 694 963 necato
728 914 951 963 barbara
984 914 1175 964 serviet
1191 916 1218 964 ?

349 1011 481 1060 puer
517 996 636 1060 quis
671 1013 735 1044 ex
768 997 887 1045 aula
921 996 1126 1059 capillis

420 1078 486 1127 ad
522 1078 774 1143 cyathum
809 1081 1069 1128 statuetur
1102 1079 1289 1141 unctis,

282 1189 467 1239 doctus
501 1189 721 1253 sagittas
756 1190 972 1240 tendere
1005 1190 1210 1241 Sericas

281 1287 404 1321 arcu
438 1274 699 1335 paterno?
745 1273 865 1338 quis
899 1276 1054 1337 neget
1088 1273 1266 1322 arduis

349 1371 544 1418 pronos
579 1355 743 1405 relabi
778 1373 929 1419 posse
965 1355 1105 1405 rivos

418 1437 689 1487 montibus
722 1441 775 1487 et
810 1438 1043 1488 Tiberim
1081 1439 1286 1501 reverti,

231 1613 237 1618 ἡ
282 1563 403 1597 cum
437 1551 497 1597 tu
527 1551 793 1612 coemptos
828 1549 1059 1613 undique
1095 1550 1286 1599 nobilis

281 1629 447 1680 libros
481 1631 699 1680 Panaeti
735 1632 1051 1682 Socraticam
1086 1634 1140 1681 et
1176 1632 1388 1681 domum

349 1714 554 1761 mutare
591 1713 768 1762 loricis
805 1713 1033 1775 Hiberis,

416 1794 683 1858 pollicitus
716 1796 948 1859 meliora,
989 1796 1205 1847 tendis?

740 1971 909 2020 XXX.

283 2073 328 2124 Ο
362 2073 543 2125 Venus
578 2075 758 2140 regina
795 2075 948 2125 Cnidi
983 2075 1267 2141 Paphique,

282 2172 467 2220 sperne
502 2157 746 2207 dilectam
781 2159 989 2222 Cypron
1024 2161 1078 2208 et
1113 2159 1348 2210 vocantis

281 2240 399 2290 ture
433 2241 487 2290 te
520 2240 691 2290 multo
727 2240 976 2304 Glycerae
1013 2241 1256 2292 decoram·

415 2322 643 2372 transfer
676 2323 731 2372 in
766 2322 959 2373 aedem.

279 2432 514 2484 fervidus
546 2436 719 2484 tecum
755 2452 884 2499 puer
916 2438 971 2484 et
1005 2436 1191 2486 solutis

281 2515 494 2567 Gratiae
526 2518 673 2568 zonis
706 2520 1086 2582 properentque
1123 2519 1398 2583 Nymphae

280 2600 336 2649 et
369 2614 555 2663 parum
591 2601 756 2651 comis
790 2601 904 2651 sine
941 2604 991 2651 te
1028 2601 1276 2653 Iuventas

418 2678 819 2747 Mercuriusque.

1510 195 1584 250 43

1534 1294 1583 1321 10

1529 1734 1575 1773 15
