1864 2982
435 161 639 207 LlssER
674 162 712 206 1.
817 159 1298 218 xxxn1,·xxxlv

321 281 585 345 insignem
618 279 768 328 tenui
803 279 975 327 fronte
1010 276 1264 340 Lycorida

320 363 447 427 Gyri
479 363 648 412 torret
678 377 841 421 amor,
883 360 1052 422 Cyrus
1086 359 1144 408 in
1178 374 1415 421 asperam

321 444 550 494 declinat
582 442 853 492 Pholoen:
902 441 994 490 sed
1029 441 1178 503 prius
1211 440 1405 504 Apulis

457 525 744 588 iungentur
777 539 987 586 capreae
1022 523 1177 586 lupis,

318 666 480 716 quam
512 647 657 712 turpi
691 647 888 697 Pholoe
925 649 1098 711 peccet
1134 646 1385 696 adultero.

323 732 400 782 sic
433 730 610 781 visum
642 729 853 791 Veneri,
891 730 977 778 cui
1012 729 1179 793 placet
1212 729 1441 792 impares

321 813 517 863 formas
548 814 705 876 atque
739 811 945 860 animos
979 811 1077 860 sub
1113 811 1236 875 iuga
1272 827 1431 860 aenea

457 910 611 944 saevo
645 893 854 943 mittere
889 909 1010 943 cum
1044 893 1171 943 ioco,

323 1020 499 1084 ipsum
532 1034 619 1069 me
653 1017 840 1067 melior
875 1033 995 1066 cum
1029 1019 1226 1082 peteret
1259 1017 1455 1078 VenuS‚

325 1105 476 1166 grata
508 1100 736 1150 detinuit
770 1100 1018 1163 compede
1053 1098 1281 1164 Myrtale

322 1183 582 1244 hbet-tina,
621 1182 769 1232 fietis
800 1182 971 1232 acrior
1004 1181 1231 1231 Hadriae

461 1265 729 1315 curvantis
762 1265 1008 1315 Calabros
1043 1264 1202 1312 sinus.

746 1577 995 1629 XXXIV.

327 1683 524 1734 Parcus
558 1683 776 1733 deorum
812 1682 983 1732 cultor
1015 1684 1069 1732 et
1106 1682 1420 1746 infrequens,

339 1765 651 1816 insanientis
683 1764 811 1814 dum
846 1764 1131 1828 sapientiae

396 1848 669 1899 consultus
702 1865 833 1908 erm,
874 1863 1015 1896 nunc
1052 1849 1338 1896 retrorsum

464 1930 582 1981 vela
616 1929 736 1979 dare
773 1932 928 1993 atque
963 1929 1149 1979 iterare
1183 1946 1367 1979 cursus

328 2072 483 2122 cogor
516 2054 755 2106 relictos:
805 2070 1031 2118 namque
1066 2053 1343 2117 Diespiter,

330 2138 442 2203 igni
475 2154 686 2188 corusco
720 2137 907 2187 nubila
941 2135 1179 2186 dividens

398 2221 721 2286 plerumque,
760 2236 854 2283 per
888 2235 1078 2283 purum
1114 2221 1357 2268 tonantes

464 2303 572 2366 egIt
605 2318 766 2367 equos
799 2301 1164 2365 volucremqhe
1198 2318 1423 2362 currum,

327 2445 432 2493 quo
465 2427 620 2477 bruta
653 2427 810 2476 tellus
846 2428 898 2475 et
933 2440 1064 2489 vaga
1097 2424 1330 2485 flumina,

325 2528 428 2574 quo
461 2510 591 2575 Styx
625 2512 679 2559 et
714 2508 869 2557 invisi
905 2507 1113 2557 horrida
1146 2507 1366 2557 Taenari

398 2591 546 2642 sedes
578 2592 962 2653 Atlanteusque
998 2589 1118 2638 finis

465 2674 774 2724 concutitur.
829 2672 968 2720 valet
1003 2671 1110 2720 ima
1144 2673 1368 2721 summis

1552 164 1623 218 47

1577 749 1626 775 10
