1864 2982
673 174 929 217 HORATI
981 177 1343 222 CARMINUM

397 287 450 336 di
485 304 570 336 me
605 291 832 352 tuentur,
875 291 954 339 dis
989 291 1154 354 pietas
1192 311 1307 343 mea

397 372 448 418 et
483 370 633 419 Musa
668 372 807 420 cordi
843 375 940 422 est.
975 373 1059 421 hic
1094 374 1191 422 tibi
1227 377 1373 438 copia

464 452 700 500 manabit
734 453 798 502 ad
833 454 1050 526 plenum
1086 455 1311 520 benigno

458 538 461 542 '
531 533 667 582 ruris
703 534 960 584 honorum
999 537 1243 598 opulenta
1280 556 1455 588 cornu.

394 666 478 714 hic
514 667 572 715 in
607 668 818 718 reducta
851 670 988 718 valle
1023 670 1297 721 Caniculae

394 748 585 797 vitabis
621 752 794 799 aestus
829 753 881 800 et
916 752 1017 800 fide
1054 753 1178 802 Teia

463 830 602 879 dices
636 831 929 882 laborantes
962 833 1018 882 in
1053 851 1159 883 uno

530 913 826 977 Penelopen
861 915 1183 980 vitreamque
1218 918 1409 968 Circen.

392 1050 479 1099 hic
514 1051 812 1102 innocentis
847 1054 1032 1117 pocula
1066 1055 1242 1104 Lesbii

395 1131 551 1182 duces
585 1134 683 1183 sub
718 1136 913 1198 umbra,
954 1153 1047 1186 nec
1085 1138 1370 1187 Semeleius

468 1232 587 1264 cum
623 1217 784 1267 Marte
821 1218 1099 1268 confundet
1137 1220 1414 1284 Thyoneus

527 1298 734 1361 proelia,
778 1316 871 1348 nec
907 1303 1109 1350 metues
1143 1304 1447 1365 protervum

394 1411 630 1471 suspecta
665 1410 874 1474 Cyrum,
916 1428 982 1460 ne
1016 1411 1152 1460 male
1189 1412 1379 1475 dispari

392 1490 776 1541 incontinentes
811 1492 991 1541 iniciat
1025 1510 1216 1543 manus

460 1575 511 1621 et
549 1573 748 1622 scindat
782 1574 1079 1623 haerentem
1117 1592 1358 1625 coronam

526 1655 758 1704 crinibus
794 1656 1211 1720 immeritamque
1246 1661 1459 1709 vestem.

899 1967 1106 2017 XVIII.

254 2074 483 2137 Nullam,
524 2075 672 2138 Vare,
714 2092 857 2126 sacra
890 2077 998 2127 vite
1032 2078 1178 2141 prius
1214 2081 1407 2128 severis
1442 2081 1680 2130 arborem

252 2156 383 2206 circa
419 2156 545 2206 mite
582 2157 752 2206 solum
789 2158 997 2208 Tiburis
1031 2163 1082 2209 et
1117 2161 1322 2210 moenia
1357 2161 1539 2211 Catili:

251 2237 399 2287 siccis
433 2239 610 2288 omnia
645 2256 767 2288 nam
803 2241 931 2290 dura
967 2242 1094 2291 deus
1127 2244 1410 2307 proposuit,
1449 2261 1612 2308 neque

252 2320 519 2370 mordaces
553 2321 702 2371 aliter
737 2323 1021 2386 diffugiunt
1056 2325 1450 2375 sollicitudines.

251 2401 367 2466 quis
413 2405 532 2465 post
583 2404 704 2454 vina
755 2422 967 2467 gravem
1014 2406 1258 2457 militiam
1304 2410 1394 2457 aut
1448 2410 1746 2471 pauperiem

385 2489 556 2548 crepat
573 2487 598 2534 ?

388 2649 567 2698 Venus
585 2652 611 2699 ⁶?

1707 482 1751 519 15

1707 942 1755 968 20

1704 1436 1749 1475 25

251 2567 367 2629 quis
414 2583 519 2615 non
565 2570 616 2616 te
658 2570 842 2632 potius,
891 2570 1090 2620 Bacche
1139 2573 1297 2634 pater,
1354 2575 1515 2635 teque,
1564 2573 1746 2621 decens
