1864 2982
642 170 842 212 LIBER
879 168 917 214 1.
1017 170 1055 226 1,
1090 169 1134 211 11
1577 176 1643 232 ἸΙ

275 301 500 351 quassas»,
542 285 804 336 indocilis=
819 285 1121 350 pauperiem
1157 286 1279 349 pati.

275 370 357 417 est
392 368 484 431 qui
520 384 614 416 nec
650 366 842 416 veteris
875 367 1061 430 poeula
1095 367 1305 416 Massici

274 462 371 496 nec
403 449 607 509 partem
642 445 810 496 solido
844 445 1054 495 demere
1090 445 1153 495 de
1190 445 1273 495 die
1598 467 1646 494 20

274 528 491 593 spernit,
529 545 671 578 nunc
705 527 863 578 viridi
897 528 1134 578 membra
1169 528 1267 577 sub
1302 528 1487 578 arbuto

272 613 481 673 stmtuS,
521 627 661 660 nunc
695 609 761 660 ad
796 627 959 674 aquae
994 611 1114 660 lene
1149 613 1303 674 caput
1339 627 1525 662 sacrae.

272 693 471 743 multos
503 695 671 743 castra
703 692 888 742 iuvant
922 695 974 742 et
1009 693 1142 743 lituo
1176 694 1332 743 tubae

271 775 564 840 permixtus
598 775 805 825 sonitus
839 775 1081 839 bellaque
1117 776 1374 826 matribus

272 858 542 908 detestata.
616 861 796 908 manet
831 858 929 908 sub
962 858 1092 908 Iove
1127 859 1317 922 frigido
1594 879 1642 919 ²5

271 942 492 990 venator
522 943 734 990 tenerae
771 941 1008 1005 coniugis
1042 942 1339 1003 immemor,

272 1039 366 1073 seu
398 1023 511 1073 visa
546 1026 628 1073 est
662 1024 849 1073 catulis
883 1040 1034 1073 cerva
1067 1024 1328 1085 fidelibus,

271 1122 364 1155 seu
398 1106 543 1170 rupit
576 1108 768 1156 teretes
803 1106 1005 1156 Marsus
1038 1124 1161 1171 aper
1194 1101 1387 1171 plagas,

270 1204 358 1238 me
391 1187 661 1238 doctarum
696 1188 915 1238 hederae
951 1189 1182 1253 praemia
1217 1189 1476 1239 frontium

271 1269 355 1319 dis
387 1270 610 1320 miscent
645 1271 860 1335 superte,
899 1287 986 1320 me
1021 1271 1252 1334 gelidum
1288 1289 1477 1321 nemus
1594 1292 1644 1329 30

273 1352 741 1417 Nympharumque
775 1354 916 1403 leves
952 1371 1070 1402 eum
1108 1354 1308 1417 Satyris
1345 1354 1488 1403 chori

270 1438 551 1485 secernunt
584 1436 791 1500 populo,
831 1437 877 1485 si
913 1452 1084 1500 neque
1118 1436 1279 1486 tibias

271 1517 498 1581 Euterpe
531 1517 742 1567 cohibet
777 1535 871 1567 nec
908 1519 1265 1583 Polyhymnia

274 1598 533 1649 Lesboum
567 1599 758 1664 refugit
793 1601 1002 1651 tendere
1039 1601 1301 1651 barbiton.

270 1680 408 1745 quod
443 1681 489 1731 si
522 1698 610 1731 me
642 1681 822 1746 lyricis
857 1683 1065 1733 vatibus
1100 1684 1308 1746 inseres,
1593 1704 1639 1744 35

273 1762 486 1813 sublimi
523 1763 707 1813 feriam
745 1766 913 1815 sidera
951 1767 1154 1816 vertice.

853 1946 928 1996 ΙΙ.

270 2062 387 2112 Iam
422 2062 550 2112 satis
583 2065 738 2112 terris
775 2065 912 2112 nivis
948 2068 1101 2128 atque
1137 2065 1278 2115 dirae

270 2144 539 2208 grandinis
574 2146 720 2195 misit
755 2149 901 2210 pater
936 2151 987 2196 et
1026 2147 1243 2197 rubente

272 2226 482 2277 dextera
515 2244 686 2277 sacras
722 2228 974 2278 iaculatus
1010 2246 1150 2279 arces

404 2310 591 2359 terruit
630 2310 827 2372 urbem,

272 2426 458 2477 terruit
492 2430 688 2492 genuae,
729 2445 884 2492 grave
923 2446 988 2478 ne
1024 2430 1215 2480 rediret
1614 2455 1635 2494 5

271 2509 535 2560 saeculum
570 2511 805 2575 Pyrrhae
842 2528 976 2561 nova
1010 2517 1243 2563 monstra
1280 2518 1503 2578 questae,

273 2607 427 2641 omne
463 2608 582 2642 cum
619 2594 841 2643 Proteus
879 2612 1032 2658 pecus
1070 2597 1174 2659 egit
1209 2596 1344 2645 altos

409 2674 574 2744 visere
602 2680 819 2736 montes.
