1864 2982
161 191 224 225 12

567 183 822 225 HORATI
877 183 1240 227 CARMINUM

289 300 509 362 piscium
546 303 595 347 et
634 316 840 348 summa
874 316 1037 362 genus
1071 301 1239 349 haesit
1276 301 1430 362 ulmo,

289 382 410 430 nota
444 398 574 444 quae
610 382 756 430 sedes
788 381 955 430 fuerat
990 382 1256 443 columbis,

289 466 338 512 et
375 464 661 526 superiecto
696 463 915 528 pavidae,
944 467 1194 514 natarunt

422 538 640 608 aequore
675 545 923 594 dammae.

284 655 513 705 vidimus
546 656 744 705 flavum
780 654 1014 704 Tiberim
1051 656 1262 704 retortis

282 738 433 786 litore
469 738 687 786 Etrusco
721 737 978 786 violenter
1013 737 1172 786 undis

283 820 357 868 ire
393 819 650 869 deiectum
686 822 1031 868 monumenta
1063 821 1200 883 regis

418 901 713 965 templaque
747 901 950 962 Vestae,

284 1012 414 1061 Iliae
450 1013 576 1061 dum
611 1028 666 1061 se
702 1011 930 1061 nimium
965 1012 1204 1076 querenti

282 1095 439 1143 iactat
473 1094 711 1156 ultorem,
752 1110 913 1157 vagus
947 1096 1000 1143 et
1036 1093 1249 1142 sinistra

282 1176 476 1226 labitur
512 1176 624 1239 ripa
658 1176 783 1225 Iove
819 1192 925 1225 non
960 1176 1211 1238 probante
1246 1194 1298 1225 u-

415 1258 590 1307 xorius
628 1257 808 1306 amnis.

281 1367 453 1417 audiet
489 1368 627 1418 cives
663 1367 859 1417 acuisse
894 1367 1106 1429 ferrum,

279 1469 380 1514 quo
415 1467 599 1514 graves
633 1451 821 1500 Persae
855 1449 1046 1499 melius
1081 1449 1325 1512 perirent,

279 1533 456 1582 audiet
490 1548 691 1597 pugnas
725 1532 852 1582 vitio
888 1534 1167 1595 parentum

413 1632 530 1664 rara
564 1615 827 1664 iuventus.

279 1741 433 1788 quem
467 1726 617 1774 vocet
652 1725 834 1773 divum
869 1723 1093 1788 populus
1129 1723 1330 1772 ruentis

278 1807 462 1870 imperi
496 1807 689 1856 rebus‘?
736 1823 884 1869 prece
921 1822 1021 1869 qua
1055 1805 1277 1868 fatigent

276 1890 503 1954 virgines
538 1892 745 1939 sanctae
780 1889 959 1937 minus
996 1887 1290 1937 audientem

413 1972 642 2020 carmina
675 1971 889 2020 Vestam
905 1973 931 2019 ⁶?

277 2083 358 2131 cui
393 2083 534 2132 dabit
569 2084 741 2144 partes
775 2081 939 2130 scelus
975 2081 1219 2144 expiandi

278 2165 515 2228 Iuppiter
532 2167 558 2214 ‘?
603 2163 813 2213 tandem
846 2163 1027 2212 venias
1062 2178 1333 2225 precamur

278 2247 411 2295 nube
446 2247 724 2295 candentes
759 2262 968 2294 umeros
1005 2244 1238 2297 amictus.

412 2345 575 2392 augur
608 2328 799 2390 Apollo
822 2346 832 2388 ;

275 2441 383 2488 sive
417 2442 478 2488 tu
513 2439 693 2499 mavis,
734 2437 962 2501 Erycina
998 2438 1188 2498 ridens,

276 2538 432 2584 quam
469 2522 619 2570 Iocus
655 2521 846 2569 circum
882 2519 1024 2567 volat
1059 2522 1109 2567 et
1146 2519 1372 2581 Cupid0;

277 2605 386 2652 sive
421 2604 713 2665 neglectum
750 2618 910 2664 genus
948 2603 998 2649 et
1036 2603 1248 2663 nepotes

410 2684 618 2746 respicis
654 2686 842 2743 auctor,

1595 404 1643 431 10

1593 1280 1641 1305 20

1587 2182 1636 2220 30

1581 2618 1626 2657 35
