1864 2982
289 158 457 227 48.

701 166 956 210 HORATI
1010 165 1370 210 CARMINUM

493 288 693 333 mutare
730 287 782 332 et
816 283 1075 346 insignem
1110 285 1346 330 attenuat
1380 283 1518 343 deus,

494 367 710 416 obscura
743 382 1020 428 promens:
1068 364 1191 412 hinc
1229 363 1427 425 apicem
1462 380 1617 426 rapax

483 508 486 513 1
562 448 790 496 Fortuna
825 463 956 501 cum,
978 445 1200 494 stridore
1236 447 1384 492 acuto
1734 463 1781 502 15

630 528 858 589 sustulit,
899 527 983 576 hic
1018 526 1251 590 posuisse
1285 526 1486 589 gaudet.

925 825 1142 876 XXXV.

426 933 468 982 Ο
505 931 638 994 diva,
678 933 887 994 gratum
910 947 1040 993 quae
1077 933 1214 995 regis
1248 932 1488 990 Antium,

425 1030 667 1077 praesens
701 1013 786 1061 vel
822 1012 929 1060 imo
962 1013 1144 1062 tollere
1183 1014 1246 1062 de
1280 1012 1442 1076 gradu

493 1095 714 1143 mortale
750 1110 936 1156 corpus
969 1095 1055 1143 vel
1091 1095 1337 1158 superbos

562 1178 762 1226 vertere
796 1176 1068 1225 funeribus
1101 1176 1427 1239 triumphos:

425 1306 477 1351 te
512 1319 706 1365 pauper
741 1301 907 1350 ambit
945 1300 1164 1351 sollicita
1197 1317 1346 1364 prece
1762 1316 1784 1356 5

429 1385 564 1432 ruris
599 1384 827 1444 colonus,
866 1385 918 1432 te
956 1382 1225 1431 dominam
1259 1381 1497 1445 aequoris

496 1466 808 1529 quicumque
843 1465 1081 1527 Bithyna
1114 1464 1318 1513 lacessit

452 1616 466 1637 Γ
563 1545 899 1756 Οειτρεὲὴὲυῐη
936 1545 1149 1608 pelagus
1183 1544 1390 1728 casnm

998 1605 1010 1688 s

428 1675 480 1721 te
516 1671 688 1720 Dacus
723 1687 780 1720 as
818 1655 886 1731 e‘r,
928 1640 1222 1735 t-egprofugi
1257 1668 1477 1732 Scythae

430 1754 682 1817 urbesque
716 1754 997 1816 gentesque
1033 1753 1086 1800 et
1121 1750 1334 1800 Latium
1370 1749 1513 1796 ferox
1741 1768 1789 1794 10

495 1851 778 1899 regumque
813 1836 1008 1883 matres
1041 1833 1373 1882 barbarorum
1411 1833 1460 1878 et

566 1915 812 1980 purpurei
847 1916 1092 1964 metuunt
1125 1913 1348 1977 tyranni,

429 2041 678 2091 iniurioso
714 2058 780 2089 ne
817 2039 946 2103 pede
980 2054 1196 2102 proruas

430 2126 654 2172 stantem
689 2122 1001 2182 columnam,
1044 2137 1144 2170 neu
1179 2120 1401 2183 populus
1436 2120 1677 2182 frequens

498 2206 563 2254 ad
602 2221 745 2253 arma
781 2205 1054 2265 cessantes,
1093 2202 1159 2252 ad
1194 2217 1338 2250 arma
1742 2219 1786 2258 15

567 2286 800 2334 concitet·
825 2285 1203 2348 imperiumque
1238 2283 1440 2345 frangat
1465 2301 1475 2342 ;

432 2413 484 2459 te
520 2426 725 2471 semper
759 2407 924 2458 anteit
960 2423 1111 2456 saeva
1146 2406 1447 2465 Necessitas,

431 2492 601 2540 clavos
635 2490 858 2539 trabales
892 2491 944 2538 et
979 2505 1170 2537 cuneos
1206 2504 1367 2536 manu

501 2574 708 2636 gestans
742 2589 882 2633 aena,
924 2587 1018 2619 nec
1054 2586 1262 2619 severus

569 2669 734 2700 uncus
769 2651 914 2700 abest
950 2650 1309 2714 liquidumque
1346 2649 1652 2712 plumbum3
1741 2667 1790 2695 20
