1864 2982
187 208 257 244 20
597 196 852 240 HORATI
907 192 1268 238 CARMINUM

189 333 278 365 cur
312 331 481 378 neque
515 313 757 362 militaris
1661 357 1669 366 ,

324 398 462 446 inter
495 395 738 459 aequales
773 394 985 457 equitat,
1030 391 1226 440 Gallica
1261 406 1355 439 nec
1391 391 1584 453 lupatis
1673 407 1690 422 ·

189 481 454 544 temperat·
478 494 566 526 ora
600 477 763 525 frenis
782 478 808 525 ⁶?

327 578 417 610 cur
443 560 596 609 timet
620 559 813 608 flavum
839 557 1068 606 Tiberim
1091 556 1299 618 tangere
1317 556 1344 604 ἱ)
1378 570 1469 603 cur
1492 555 1689 603 olivum

193 643 446 708 sanguine
482 641 719 705 viperino

329 724 531 774 cautius
564 723 696 772 vitat
730 738 901 784 neque
936 720 1042 769 iam
1069 718 1231 768 livida
1253 719 1419 781 gestat
1442 717 1601 767 armis
1641 738 1691 764 10

193 806 447 868 bracchia,
489 822 639 868 saepe
675 804 830 864 disco,

330 904 482 951 saepe
515 889 660 936 trans
695 885 857 934 finem
892 883 1058 933 iaculo
1094 881 1286 932 nobilis
1321 881 1559 944 expedito
1578 883 1604 929 ἱ)

198 970 322 1035 quid
358 970 496 1030 latet,
538 969 597 1016 ut
631 967 862 1016 marinae

332 1051 504 1101 filium
540 1050 723 1098 dicunt
756 1047 995 1097 Thetidis
1030 1045 1128 1095 sub
1162 1044 1432 1094 lacrimosa
1468 1045 1650 1092 Troiae

199 1134 396 1196 funera,
434 1149 499 1181 ne
534 1131 706 1181 virilis
1648 1144 1694 1182 15

335 1215 508 1265 cultus
561 1213 615 1261 in
670 1212 879 1264 caedem
933 1213 985 1259 et
1043 1209 1227 1272 Lycias
1286 1208 1567 1271 proriperet
1625 1223 1698 1255 ca-

472 1299 645 1345 tervas
663 1296 690 1344 ⁶?

905 1589 1000 1639 IX.

340 1695 504 1750 Vides
540 1701 598 1746 ut
635 1697 738 1746 alta
774 1697 874 1745 stet
909 1694 1030 1743 nive
1064 1691 1343 1741 candidum

344 1783 552 1833 Soracte
587 1796 682 1829 nec
717 1779 822 1827 iam
858 1775 1153 1826 sustineant
1188 1789 1320 1822 onus

412 1863 572 1913 silvae
607 1861 898 1911 laborantes
930 1857 1153 1922 geluque

479 1943 700 1994 flumina
734 1939 1065 1991 constiterint
1098 1940 1263 1988 acuto.

348 2070 570 2121 dissolve
605 2067 770 2131 frigus
805 2066 947 2130 ligna
982 2079 1136 2126 super
1170 2063 1283 2111 foco
1682 2078 1703 2117 5

348 2154 488 2216 large
524 2164 779 2213 reponens
814 2149 969 2210 atque
1002 2143 1280 2208 benignius

417 2234 661 2297 deprome
695 2229 1027 2294 quadrimum
1063 2226 1266 2288 Sabina,
1299 2282 1302 2287 ¹

484 2333 514 2363 o
549 2313 868 2372 Thaliarche,
909 2326 1111 2359 merum
1148 2308 1301 2357 diota.

352 2439 594 2506 permitte
629 2437 766 2487 divis
801 2438 1001 2495 cetera;
1049 2433 1139 2498 qui
1173 2432 1332 2482 simul

353 2528 581 2574 stravere
614 2522 802 2570 ventos
833 2533 1052 2580 aequore
1085 2515 1280 2564 fervido
1661 2528 1714 2558 10

421 2603 808 2668 deproeliantes,
847 2617 940 2650 nec
976 2597 1203 2662 cupressi

491 2704 583 2736 nec
619 2687 818 2735 veteres
852 2683 1116 2747 agitantur
1150 2679 1279 2730 orni.
