1864 2982
230 177 303 231 30
640 170 894 214 HORATI
947 171 1309 215 CARMINUM

297 303 452 350 quem
489 288 560 348 tu,
603 302 784 336 cervus
820 287 898 336 uti
932 288 1086 337 vallis
1119 289 1175 336 111
1211 289 1373 337 altera

296 369 472 417 visum
507 371 652 431 parte
686 369 871 432 lupum
905 370 1156 432 graminis
1189 369 1484 430 immemor,

298 450 510 498 sublimi
543 451 714 512 fugies
748 452 927 500 mollis
960 451 1209 512 anhelitu,

431 548 540 580 non
574 531 672 580 hoc
707 526 970 595 pollicitus
1003 535 1136 582 tuae.

295 655 543 704 iracunda
579 655 717 704 diem
751 655 977 719 proferet
1011 656 1114 705 Ilio

295 737 653 801 matronisque
687 737 958 801 Phrygum
992 737 1172 788 classis
1206 738 1432 788 Achillei
1456 757 1468 788 :

295 821 415 882 post
450 822 616 868 certas
650 819 850 869 hiemes
883 823 1000 870 uret
1033 820 1295 870 Achaicus

431 901 570 965 ignis
605 901 915 965 Pergameas
950 902 1167 953 domos?

899 1171 1044 1222 XVI.

366 1289 409 1336 Ο
445 1290 613 1338 matre
647 1287 863 1352 pulchra
898 1287 1006 1338 filia
1040 1287 1317 1352 pulchrior,

366 1388 521 1434 quem
557 1370 851 1420 criminosis
886 1387 1107 1434 cumque
1141 1370 1287 1421 voles
1321 1370 1538 1420 modum

432 1469 594 1515 pones
627 1452 828 1514 iambis,
870 1451 980 1501 sive
1013 1452 1227 1510 flamma

503 1535 613 1584 sive
647 1534 782 1584 mari
817 1534 945 1584 libet
981 1534 1263 1584 Hadriano,

367 1676 473 1708 non
509 1658 851 1721 Dindymene,
891 1674 997 1707 non
1030 1657 1201 1722 adytis
1236 1658 1403 1721 quatit

367 1743 599 1789 mentem
635 1740 955 1788 sacerdotum
990 1738 1158 1789 incola
1193 1739 1435 1803 Pythius,

436 1839 543 1871 non
578 1821 733 1870 Liber
766 1838 939 1884 aeque,
981 1838 1088 1870 non
1122 1822 1270 1870 acuta

504 1903 577 1952 510
612 1903 883 1967 geminant
917 1903 1234 1967 Corybantes
1267 1919 1395 1965 aera,

366 2028 547 2078 tristes
583 2029 642 2075 ut
676 2027 795 2090 irae,
836 2043 964 2091 quas
998 2044 1164 2091 neque
1199 2027 1420 2076 Noricus

366 2111 591 2159 deterret
625 2110 765 2158 ensis
799 2126 893 2157 1100
927 2125 1068 2159 mare
1102 2109 1412 2174 naufragum

436 2209 530 2241 1100
566 2208 750 2241 saevus
785 2191 925 2254 ignis
959 2208 1054 2240 nec
1089 2192 1360 2241 tremendo

505 2273 743 2336 Iuppiter
776 2273 888 2336 ipse
924 2289 1079 2322 ruens
1114 2273 1361 2323 tumultu,

370 2400 536 2448 fertur
569 2399 927 2461 Prometheus,
967 2399 1157 2448 addere
1190 2398 1410 2462 principi

370 2482 496 2529 limo
531 2482 735 2530 coactus
769 2481 1079 2544 particulam
1113 2481 1341 2544 undique

438 2564 694 2612 desectam
730 2564 782 2611 et
815 2563 989 2612 insani
1023 2563 1192 2612 leonis

504 2645 613 2693 vim
651 2646 919 2694 stomacho
953 2645 1258 2708 apposuisse
1292 2646 1482 2696 nostro.

1674 838 1721 878 35

1679 2127 1728 2155 10

1678 2581 1722 2620 Ϊ5
