1864 2982
548 158 749 203 LIBER
785 159 823 203 1.
923 159 1103 216 XXIV,
1138 158 1276 202 XXV

357 276 484 340 quid
519 275 566 325 si
600 274 834 324 Threicio
869 274 1112 324 blandius
1146 274 1355 338 Orpheo

354 357 591 407 auditam
623 356 892 407 moderere
925 356 1199 406 arboribus
1232 356 1407 415 fidem,

357 455 489 488 num
522 455 686 488 vanae
720 438 894 487 redeat
926 438 1140 501 sanguis
1170 436 1402 500 imagini,

490 538 649 586 quam
682 521 829 584 virga
865 519 1028 570 semel
1062 519 1287 581 horrida,

355 663 463 697 non
495 642 631 696 lenis
665 647 902 711 precibus
936 646 1042 695 fata
1076 645 1354 707 recludere,

355 729 508 793 nigro
542 728 852 792 compulerit
885 728 1173 777 Mercurius
1206 728 1394 792 gregi?

356 811 547 878 durum
570 829 583 860 :
633 797 723 860 sed
759 810 928 860 levius
960 811 1024 860 fit
1055 810 1308 875 patientia

489 893 734 958 quicquid
769 881 1023 958 corrigere
1057 894 1138 943 est
1171 893 1331 943 nefas.

814 1164 984 1215 XXV.

353 1269 568 1319 Parcius
602 1269 809 1318 iunctas
843 1268 1091 1332 quatiunt
1126 1268 1381 1318 fenestras

352 1350 543 1400 ictibus
577 1350 772 1400 crebris
805 1351 1023 1400 iuvenes
1057 1350 1288 1415 protervi

353 1448 449 1483 nec
482 1432 580 1482 tibi
613 1449 827 1482 somnos
859 1432 1116 1494 adimunt,
1155 1434 1400 1497 amatque

485 1514 640 1564 ianua
674 1515 853 1576 limen,

352 1663 484 1711 quae
518 1646 665 1711 prius
698 1646 928 1696 multum
963 1646 1134 1695 facilis
1167 1647 1412 1696 movebat

352 1729 601 1779 cardines.
647 1729 801 1778 audis
834 1728 1011 1777 minus
1045 1731 1098 1777 et
1134 1727 1315 1777 minus
1348 1728 1490 1779 iam:

354 1811 467 1861 ‘me
501 1813 595 1861 tuo
628 1811 812 1875 longas
845 1811 1094 1874 pereunte
1128 1811 1322 1871 nocteS,

488 1893 667 1958 Lydia,
708 1892 905 1942 dormis
922 1894 948 1943 ⁴?
964 1892 977 1913 '

350 2025 578 2076 invicem
612 2026 855 2076 moechos
889 2042 1023 2075 anus
1056 2026 1360 2089 arrogantes

350 2108 500 2158 flebis
532 2109 590 2158 in
626 2109 736 2158 solo
770 2107 902 2169 leyis
935 2107 1228 2172 angiportu,

349 2190 569 2242 Thracio
603 2190 886 2241 bacchante
921 2190 1088 2255 magis
1122 2190 1220 2240 sub
1255 2189 1409 2239 inter·

485 2272 634 2323 lunia
667 2276 842 2335 vento,

349 2420 470 2455 cum
503 2405 602 2455 tibi
635 2406 861 2470 flagrans
893 2421 1042 2455 amor
1075 2407 1127 2454 et
1162 2404 1339 2467 libido,

349 2504 482 2552 quae
515 2488 649 2539 solet
681 2491 878 2539 matres
912 2486 1103 2537 furiare
1137 2503 1406 2551 equorum,

349 2570 545 2622 saeviet
579 2571 714 2621 circa
749 2570 888 2620 iecur
924 2570 1229 2631 ulcerosum,

487 2669 593 2703 non
628 2653 742 2703 sine
779 2656 979 2717 questu,

1586 164 1654 219 39

1605 910 1654 938 20

1604 2129 1652 2158 10

1599 2590 1646 2630 15
