<?xml version="1.0" encoding="UTF-8"?>
<!DOCTYPE html PUBLIC "-//W3C//DTD XHTML 1.0 Transitional//EN"
    "http://www.w3.org/TR/xhtml1/DTD/xhtml1-transitional.dtd">
<html xmlns="http://www.w3.org/1999/xhtml" xml:lang="en" lang="en">
 <head>
  <title>
</title>
<meta http-equiv="Content-Type" content="text/html;charset=utf-8" />
  <meta name='ocr-system' content='tesseract 3.04.00' />
  <meta name='ocr-capabilities' content='ocr_page ocr_carea ocr_par ocr_line ocrx_word'/>
</head>
<body>
  <div class='ocr_page' id='page_1' title='image "./carminumliberi00horauoft_0054.png"; bbox 0 0 1864 2982; ppageno 0'>
   <div class='ocr_carea' id='block_1_1' title="bbox 288 193 1370 251">
    <p class='ocr_par' dir='ltr' id='par_1_1' title="bbox 288 193 1370 251">
     <span class='ocr_line' id='line_1_1' title="bbox 288 193 1370 251; baseline 0.003 -17"><span class='ocrx_word' id='word_1_1' title='bbox 288 198 358 251; x_wconf 89' lang='lat'>42</span> <span class='ocrx_word' id='word_1_2' title='bbox 465 212 467 214; x_wconf 97' lang='lat'>·</span> <span class='ocrx_word' id='word_1_3' title='bbox 699 193 955 235; x_wconf 89' lang='lat' dir='ltr'>HORATI</span> <span class='ocrx_word' id='word_1_4' title='bbox 1009 194 1370 237; x_wconf 90' lang='lat' dir='ltr'><strong>CARMINUM</strong></span> 
     </span>
    </p>
   </div>
   <div class='ocr_carea' id='block_1_2' title="bbox 286 308 1787 2586">
    <p class='ocr_par' dir='ltr' id='par_1_2' title="bbox 287 308 1785 441">
     <span class='ocr_line' id='line_1_2' title="bbox 287 308 1601 373; baseline 0.001 -16"><span class='ocrx_word' id='word_1_5' title='bbox 287 310 339 357; x_wconf 92' lang='lat' dir='ltr'>et</span> <span class='ocrx_word' id='word_1_6' title='bbox 374 308 517 357; x_wconf 88' lang='lat' dir='ltr'>Iovis</span> <span class='ocrx_word' id='word_1_7' title='bbox 552 308 752 358; x_wconf 83' lang='lat' dir='ltr'>arcanis</span> <span class='ocrx_word' id='word_1_8' title='bbox 787 309 959 357; x_wconf 90' lang='lat' dir='ltr'>Minos</span> <span class='ocrx_word' id='word_1_9' title='bbox 994 309 1266 371; x_wconf 85' lang='lat' dir='ltr'>admissus,</span> <span class='ocrx_word' id='word_1_10' title='bbox 1307 310 1601 373; x_wconf 81' lang='lat' dir='ltr'>habentque</span> 
     </span>
     <span class='ocr_line' id='line_1_3' title="bbox 423 391 1785 441; baseline 0 -3"><span class='ocrx_word' id='word_1_11' title='bbox 423 392 636 440; x_wconf 84' lang='lat' dir='ltr'>Tartara</span> <span class='ocrx_word' id='word_1_12' title='bbox 672 391 1004 440; x_wconf 76' lang='lat' dir='ltr'>Panthoiden</span> <span class='ocrx_word' id='word_1_13' title='bbox 1037 392 1231 440; x_wconf 85' lang='lat' dir='ltr'>iterum</span> <span class='ocrx_word' id='word_1_14' title='bbox 1267 393 1401 441; x_wconf 89' lang='lat' dir='ltr'>Orco</span> <span class='ocrx_word' id='word_1_15' title='bbox 1736 412 1785 438; x_wconf 93' lang='lat'>10</span> 
     </span>
    </p>

    <p class='ocr_par' dir='ltr' id='par_1_3' title="bbox 287 472 1525 617">
     <span class='ocr_line' id='line_1_4' title="bbox 287 472 1525 536; baseline 0 -16"><span class='ocrx_word' id='word_1_16' title='bbox 287 472 589 534; x_wconf 83' lang='lat' dir='ltr'>demissum,</span> <span class='ocrx_word' id='word_1_17' title='bbox 632 472 871 536; x_wconf 89' lang='lat' dir='ltr'>quamvis</span> <span class='ocrx_word' id='word_1_18' title='bbox 904 473 1071 535; x_wconf 86' lang='lat' dir='ltr'>clipeo</span> <span class='ocrx_word' id='word_1_19' title='bbox 1106 473 1328 521; x_wconf 86' lang='lat' dir='ltr'>Troiana</span> <span class='ocrx_word' id='word_1_20' title='bbox 1363 473 1525 521; x_wconf 82' lang='lat' dir='ltr'>refixo</span> 
     </span>
     <span class='ocr_line' id='line_1_5' title="bbox 423 554 1259 617; baseline -0.001 -14"><span class='ocrx_word' id='word_1_21' title='bbox 423 557 660 617; x_wconf 86' lang='lat' dir='ltr'>tempora</span> <span class='ocrx_word' id='word_1_22' title='bbox 693 556 915 603; x_wconf 87' lang='lat' dir='ltr'>testatus</span> <span class='ocrx_word' id='word_1_23' title='bbox 948 554 1085 603; x_wconf 91' lang='lat' dir='ltr'>nihil</span> <span class='ocrx_word' id='word_1_24' title='bbox 1120 554 1259 603; x_wconf 86' lang='lat' dir='ltr'>ultra</span> 
     </span>
    </p>

    <p class='ocr_par' dir='ltr' id='par_1_4' title="bbox 289 635 1617 767">
     <span class='ocr_line' id='line_1_6' title="bbox 289 635 1617 699; baseline -0.001 -14"><span class='ocrx_word' id='word_1_25' title='bbox 289 653 478 685; x_wconf 88' lang='lat' dir='ltr'>nervos</span> <span class='ocrx_word' id='word_1_26' title='bbox 514 639 666 699; x_wconf 88' lang='lat' dir='ltr'>atque</span> <span class='ocrx_word' id='word_1_27' title='bbox 704 637 877 684; x_wconf 86' lang='lat' dir='ltr'>cutem</span> <span class='ocrx_word' id='word_1_28' title='bbox 911 635 1074 684; x_wconf 91' lang='lat' dir='ltr'>morti</span> <span class='ocrx_word' id='word_1_29' title='bbox 1107 638 1430 685; x_wconf 74' lang='lat' dir='ltr'>concesserat</span> <span class='ocrx_word' id='word_1_30' title='bbox 1464 638 1617 696; x_wconf 84' lang='lat' dir='ltr'>atrae,</span> 
     </span>
     <span class='ocr_line' id='line_1_7' title="bbox 422 717 1310 767; baseline 0 -1"><span class='ocrx_word' id='word_1_31' title='bbox 422 718 590 766; x_wconf 90' lang='lat' dir='ltr'>iudice</span> <span class='ocrx_word' id='word_1_32' title='bbox 624 720 678 767; x_wconf 87' lang='lat' dir='ltr'>te</span> <span class='ocrx_word' id='word_1_33' title='bbox 712 734 821 766; x_wconf 92' lang='lat' dir='ltr'>non</span> <span class='ocrx_word' id='word_1_34' title='bbox 854 717 1095 767; x_wconf 89' lang='lat' dir='ltr'>sordidus</span> <span class='ocrx_word' id='word_1_35' title='bbox 1127 720 1310 767; x_wconf 83' lang='lat' dir='ltr'>auctor</span> 
     </span>
    </p>

    <p class='ocr_par' dir='ltr' id='par_1_5' title="bbox 286 799 1782 934">
     <span class='ocr_line' id='line_1_8' title="bbox 286 799 1782 862; baseline -0.001 -15"><span class='ocrx_word' id='word_1_36' title='bbox 286 801 501 847; x_wconf 87' lang='lat' dir='ltr'>naturae</span> <span class='ocrx_word' id='word_1_37' title='bbox 535 800 762 862; x_wconf 87' lang='lat' dir='ltr'>verique.</span> <span class='ocrx_word' id='word_1_38' title='bbox 813 799 904 848; x_wconf 89' lang='lat' dir='ltr'>sed</span> <span class='ocrx_word' id='word_1_39' title='bbox 940 815 1122 848; x_wconf 89' lang='lat' dir='ltr'>omnes</span> <span class='ocrx_word' id='word_1_40' title='bbox 1155 816 1260 848; x_wconf 86' lang='lat' dir='ltr'>una</span> <span class='ocrx_word' id='word_1_41' title='bbox 1294 802 1476 849; x_wconf 89' lang='lat' dir='ltr'>manet</span> <span class='ocrx_word' id='word_1_42' title='bbox 1510 816 1614 848; x_wconf 84' lang='lat' dir='ltr'>nox</span> <span class='ocrx_word' id='word_1_43' title='bbox 1736 818 1782 858; x_wconf 88' lang='lat'>15</span> 
     </span>
     <span class='ocr_line' id='line_1_9' title="bbox 421 880 1205 934; baseline 0.003 -5"><span class='ocrx_word' id='word_1_44' title='bbox 421 883 475 930; x_wconf 89' lang='lat' dir='ltr'>et</span> <span class='ocrx_word' id='word_1_45' title='bbox 511 880 749 934; x_wconf 85' lang='lat' dir='ltr'>calcanda</span> <span class='ocrx_word' id='word_1_46' title='bbox 784 881 946 931; x_wconf 87' lang='lat' dir='ltr'>semel</span> <span class='ocrx_word' id='word_1_47' title='bbox 979 881 1067 930; x_wconf 86' lang='lat' dir='ltr'>via</span> <span class='ocrx_word' id='word_1_48' title='bbox 1099 881 1205 931; x_wconf 86' lang='lat' dir='ltr'>leti.</span> 
     </span>
    </p>

    <p class='ocr_par' dir='ltr' id='par_1_6' title="bbox 287 964 1510 1108">
     <span class='ocr_line' id='line_1_10' title="bbox 287 964 1510 1028; baseline -0.001 -14"><span class='ocrx_word' id='word_1_49' title='bbox 287 965 412 1014; x_wconf 89' lang='lat' dir='ltr'>dant</span> <span class='ocrx_word' id='word_1_50' title='bbox 446 964 579 1014; x_wconf 88' lang='lat' dir='ltr'>alios</span> <span class='ocrx_word' id='word_1_51' title='bbox 613 964 799 1013; x_wconf 88' lang='lat' dir='ltr'>Furiae</span> <span class='ocrx_word' id='word_1_52' title='bbox 833 966 983 1014; x_wconf 85' lang='lat' dir='ltr'>torvo</span> <span class='ocrx_word' id='word_1_53' title='bbox 1018 965 1308 1028; x_wconf 85' lang='lat' dir='ltr'>spectacula</span> <span class='ocrx_word' id='word_1_54' title='bbox 1341 965 1510 1026; x_wconf 88' lang='lat' dir='ltr'>Marti,</span> 
     </span>
     <span class='ocr_line' id='line_1_11' title="bbox 422 1045 1365 1108; baseline 0 -13"><span class='ocrx_word' id='word_1_55' title='bbox 422 1045 580 1095; x_wconf 86' lang='lat' dir='ltr'>exitio</span> <span class='ocrx_word' id='word_1_56' title='bbox 615 1047 694 1094; x_wconf 90' lang='lat' dir='ltr'>est</span> <span class='ocrx_word' id='word_1_57' title='bbox 728 1046 943 1095; x_wconf 87' lang='lat' dir='ltr'>avidum</span> <span class='ocrx_word' id='word_1_58' title='bbox 978 1059 1121 1095; x_wconf 83' lang='lat' dir='ltr'>mare</span> <span class='ocrx_word' id='word_1_59' title='bbox 1155 1046 1365 1108; x_wconf 79' lang='lat' dir='ltr'>nautis3</span> 
     </span>
    </p>

    <p class='ocr_par' dir='ltr' id='par_1_7' title="bbox 287 1127 1787 1274">
     <span class='ocr_line' id='line_1_12' title="bbox 287 1127 1787 1190; baseline -0.001 -14"><span class='ocrx_word' id='word_1_60' title='bbox 287 1128 455 1177; x_wconf 81' lang='lat' dir='ltr'>mixta</span> <span class='ocrx_word' id='word_1_61' title='bbox 480 1145 667 1176; x_wconf 91' lang='lat' dir='ltr'>senum</span> <span class='ocrx_word' id='word_1_62' title='bbox 691 1144 750 1177; x_wconf 92' lang='lat' dir='ltr'>ac</span> <span class='ocrx_word' id='word_1_63' title='bbox 773 1128 1026 1177; x_wconf 89' lang='lat' dir='ltr'>iuvenum</span> <span class='ocrx_word' id='word_1_64' title='bbox 1049 1128 1335 1178; x_wconf 81' lang='lat' dir='ltr'>densentur</span> <span class='ocrx_word' id='word_1_65' title='bbox 1358 1127 1554 1190; x_wconf 86' lang='lat' dir='ltr'>funera,</span> <span class='ocrx_word' id='word_1_66' title='bbox 1578 1127 1787 1176; x_wconf 90' lang='lat' dir='ltr'>nullum</span> 
     </span>
     <span class='ocr_line' id='line_1_13' title="bbox 423 1209 1787 1274; baseline -0.003 -15"><span class='ocrx_word' id='word_1_67' title='bbox 423 1226 576 1259; x_wconf 86' lang='lat' dir='ltr'>saeva</span> <span class='ocrx_word' id='word_1_68' title='bbox 612 1211 766 1273; x_wconf 87' lang='lat' dir='ltr'>caput</span> <span class='ocrx_word' id='word_1_69' title='bbox 799 1209 1112 1273; x_wconf 86' lang='lat' dir='ltr'>Proserpina</span> <span class='ocrx_word' id='word_1_70' title='bbox 1144 1209 1296 1274; x_wconf 89' lang='lat' dir='ltr'>fugit.</span> <span class='ocrx_word' id='word_1_71' title='bbox 1738 1229 1787 1256; x_wconf 83' lang='lat'>20</span> 
     </span>
    </p>

    <p class='ocr_par' dir='ltr' id='par_1_8' title="bbox 288 1292 1538 1438">
     <span class='ocr_line' id='line_1_14' title="bbox 288 1292 1538 1356; baseline -0.001 -15"><span class='ocrx_word' id='word_1_72' title='bbox 288 1309 372 1342; x_wconf 88' lang='lat' dir='ltr'>me</span> <span class='ocrx_word' id='word_1_73' title='bbox 407 1309 611 1356; x_wconf 87' lang='lat' dir='ltr'>quoque</span> <span class='ocrx_word' id='word_1_74' title='bbox 648 1293 834 1341; x_wconf 84' lang='lat' dir='ltr'>devexi</span> <span class='ocrx_word' id='word_1_75' title='bbox 868 1292 1081 1356; x_wconf 92' lang='lat' dir='ltr'>rapidus</span> <span class='ocrx_word' id='word_1_76' title='bbox 1116 1309 1291 1342; x_wconf 91' lang='lat' dir='ltr'>comes</span> <span class='ocrx_word' id='word_1_77' title='bbox 1327 1292 1538 1342; x_wconf 83' lang='lat' dir='ltr'>Orionis</span> 
     </span>
     <span class='ocr_line' id='line_1_15' title="bbox 423 1374 1277 1438; baseline 0 -15"><span class='ocrx_word' id='word_1_78' title='bbox 423 1374 656 1438; x_wconf 85' lang='lat' dir='ltr'>Illyricis</span> <span class='ocrx_word' id='word_1_79' title='bbox 692 1374 862 1423; x_wconf 86' lang='lat' dir='ltr'>Notus</span> <span class='ocrx_word' id='word_1_80' title='bbox 897 1374 1071 1424; x_wconf 91' lang='lat' dir='ltr'>obruit</span> <span class='ocrx_word' id='word_1_81' title='bbox 1106 1375 1277 1424; x_wconf 91' lang='lat' dir='ltr'>undis.</span> 
     </span>
    </p>

    <p class='ocr_par' dir='ltr' id='par_1_9' title="bbox 287 1456 1704 1602">
     <span class='ocr_line' id='line_1_16' title="bbox 287 1456 1704 1520; baseline -0.002 -14"><span class='ocrx_word' id='word_1_82' title='bbox 287 1459 339 1506; x_wconf 91' lang='lat' dir='ltr'>at</span> <span class='ocrx_word' id='word_1_83' title='bbox 376 1459 449 1520; x_wconf 89' lang='lat' dir='ltr'>tu,</span> <span class='ocrx_word' id='word_1_84' title='bbox 488 1458 661 1519; x_wconf 83' lang='lat' dir='ltr'>nauta,</span> <span class='ocrx_word' id='word_1_85' title='bbox 701 1473 862 1520; x_wconf 84' lang='lat' dir='ltr'>vagae</span> <span class='ocrx_word' id='word_1_86' title='bbox 896 1472 964 1505; x_wconf 91' lang='lat' dir='ltr'>ne</span> <span class='ocrx_word' id='word_1_87' title='bbox 997 1472 1147 1520; x_wconf 82' lang='lat' dir='ltr'>parce</span> <span class='ocrx_word' id='word_1_88' title='bbox 1182 1457 1447 1519; x_wconf 84' lang='lat' dir='ltr'>malignus</span> <span class='ocrx_word' id='word_1_89' title='bbox 1481 1456 1704 1504; x_wconf 83' lang='lat' dir='ltr'>harenae</span> 
     </span>
     <span class='ocr_line' id='line_1_17' title="bbox 428 1538 1226 1602; baseline 0.001 -15"><span class='ocrx_word' id='word_1_90' title='bbox 428 1538 633 1587; x_wconf 91' lang='lat' dir='ltr'>ossibus</span> <span class='ocrx_word' id='word_1_91' title='bbox 667 1540 721 1588; x_wconf 90' lang='lat' dir='ltr'>et</span> <span class='ocrx_word' id='word_1_92' title='bbox 754 1539 914 1602; x_wconf 86' lang='lat' dir='ltr'>capiti</span> <span class='ocrx_word' id='word_1_93' title='bbox 947 1538 1226 1588; x_wconf 87' lang='lat' dir='ltr'>inhumato</span> 
     </span>
    </p>

    <p class='ocr_par' dir='ltr' id='par_1_10' title="bbox 287 1619 1787 1766">
     <span class='ocr_line' id='line_1_18' title="bbox 287 1619 1787 1685; baseline -0.002 -15"><span class='ocrx_word' id='word_1_94' title='bbox 287 1621 596 1684; x_wconf 82' lang='lat' dir='ltr'>particulam</span> <span class='ocrx_word' id='word_1_95' title='bbox 621 1621 740 1669; x_wconf 88' lang='lat' dir='ltr'>dare</span> <span class='ocrx_word' id='word_1_96' title='bbox 761 1639 773 1670; x_wconf 91' lang='lat'>:</span> <span class='ocrx_word' id='word_1_97' title='bbox 808 1621 896 1683; x_wconf 87' lang='lat' dir='ltr'>sic,</span> <span class='ocrx_word' id='word_1_98' title='bbox 920 1621 1281 1685; x_wconf 88' lang='lat' dir='ltr'>quodcumque</span> <span class='ocrx_word' id='word_1_99' title='bbox 1303 1619 1591 1670; x_wconf 84' lang='lat' dir='ltr'>minabitur</span> <span class='ocrx_word' id='word_1_100' title='bbox 1614 1621 1787 1668; x_wconf 85' lang='lat' dir='ltr'>Eurus</span> 
     </span>
     <span class='ocr_line' id='line_1_19' title="bbox 422 1702 1786 1766; baseline -0.002 -15"><span class='ocrx_word' id='word_1_101' title='bbox 422 1703 665 1752; x_wconf 90' lang='lat' dir='ltr'>fluctibus</span> <span class='ocrx_word' id='word_1_102' title='bbox 700 1702 983 1766; x_wconf 90' lang='lat' dir='ltr'>Hesperiis,</span> <span class='ocrx_word' id='word_1_103' title='bbox 1024 1703 1322 1752; x_wconf 84' lang='lat' dir='ltr'>Venusinae</span> <span class='ocrx_word' id='word_1_104' title='bbox 1736 1709 1786 1748; x_wconf 91' lang='lat'>26</span> 
     </span>
    </p>

    <p class='ocr_par' dir='ltr' id='par_1_11' title="bbox 287 1784 1662 1931">
     <span class='ocr_line' id='line_1_20' title="bbox 287 1784 1662 1849; baseline -0.001 -15"><span class='ocrx_word' id='word_1_105' title='bbox 287 1785 582 1847; x_wconf 83' lang='lat' dir='ltr'>plectantur</span> <span class='ocrx_word' id='word_1_106' title='bbox 617 1784 778 1834; x_wconf 88' lang='lat' dir='ltr'>silvae</span> <span class='ocrx_word' id='word_1_107' title='bbox 813 1787 865 1834; x_wconf 90' lang='lat' dir='ltr'>te</span> <span class='ocrx_word' id='word_1_108' title='bbox 901 1785 1108 1848; x_wconf 90' lang='lat' dir='ltr'>sospite,</span> <span class='ocrx_word' id='word_1_109' title='bbox 1147 1785 1416 1849; x_wconf 85' lang='lat' dir='ltr'>multaque</span> <span class='ocrx_word' id='word_1_110' title='bbox 1451 1801 1662 1845; x_wconf 83' lang='lat' dir='ltr'>merces,</span> 
     </span>
     <span class='ocr_line' id='line_1_21' title="bbox 423 1867 1346 1931; baseline -0.001 -15"><span class='ocrx_word' id='word_1_111' title='bbox 423 1867 562 1916; x_wconf 89' lang='lat' dir='ltr'>unde</span> <span class='ocrx_word' id='word_1_112' title='bbox 597 1870 781 1931; x_wconf 90' lang='lat' dir='ltr'>potest,</span> <span class='ocrx_word' id='word_1_113' title='bbox 820 1867 922 1916; x_wconf 88' lang='lat' dir='ltr'>tibi</span> <span class='ocrx_word' id='word_1_114' title='bbox 956 1867 1152 1917; x_wconf 88' lang='lat' dir='ltr'>defluat</span> <span class='ocrx_word' id='word_1_115' title='bbox 1183 1883 1346 1930; x_wconf 89' lang='lat' dir='ltr'>aequo</span> 
     </span>
    </p>

    <p class='ocr_par' dir='ltr' id='par_1_12' title="bbox 286 1949 1786 2095">
     <span class='ocr_line' id='line_1_22' title="bbox 286 1949 1569 2013; baseline -0.002 -14"><span class='ocrx_word' id='word_1_116' title='bbox 286 1951 351 1999; x_wconf 90' lang='lat' dir='ltr'>ab</span> <span class='ocrx_word' id='word_1_117' title='bbox 388 1950 514 1999; x_wconf 90' lang='lat' dir='ltr'>Iove</span> <span class='ocrx_word' id='word_1_118' title='bbox 549 1949 897 2013; x_wconf 86' lang='lat' dir='ltr'>Neptunoque</span> <span class='ocrx_word' id='word_1_119' title='bbox 933 1949 1066 1999; x_wconf 88' lang='lat' dir='ltr'>sacri</span> <span class='ocrx_word' id='word_1_120' title='bbox 1101 1949 1310 1998; x_wconf 88' lang='lat' dir='ltr'>custode</span> <span class='ocrx_word' id='word_1_121' title='bbox 1344 1949 1569 1997; x_wconf 79' lang='lat' dir='ltr'>Tarenti.</span> 
     </span>
     <span class='ocr_line' id='line_1_23' title="bbox 424 2031 1786 2095; baseline -0.002 -15"><span class='ocrx_word' id='word_1_122' title='bbox 424 2032 659 2095; x_wconf 85' lang='lat' dir='ltr'>neglegis</span> <span class='ocrx_word' id='word_1_123' title='bbox 693 2031 978 2080; x_wconf 88' lang='lat' dir='ltr'>immeritis</span> <span class='ocrx_word' id='word_1_124' title='bbox 1013 2031 1302 2080; x_wconf 88' lang='lat' dir='ltr'>nocituram</span> <span class='ocrx_word' id='word_1_125' title='bbox 1735 2049 1786 2088; x_wconf 80' lang='lat'>30</span> 
     </span>
    </p>

    <p class='ocr_par' dir='ltr' id='par_1_13' title="bbox 286 2113 1746 2259">
     <span class='ocr_line' id='line_1_24' title="bbox 286 2113 1746 2177; baseline -0.003 -13"><span class='ocrx_word' id='word_1_126' title='bbox 286 2115 565 2177; x_wconf 89' lang='lat' dir='ltr'>postmodo</span> <span class='ocrx_word' id='word_1_127' title='bbox 599 2118 651 2164; x_wconf 83' lang='lat' dir='ltr'>te</span> <span class='ocrx_word' id='word_1_128' title='bbox 687 2114 827 2163; x_wconf 88' lang='lat' dir='ltr'>natis</span> <span class='ocrx_word' id='word_1_129' title='bbox 859 2114 1097 2163; x_wconf 87' lang='lat' dir='ltr'>fraudem</span> <span class='ocrx_word' id='word_1_130' title='bbox 1132 2113 1459 2162; x_wconf 84' lang='lat' dir='ltr'>committere</span> <span class='ocrx_word' id='word_1_131' title='bbox 1479 2115 1505 2160; x_wconf 89' lang='lat'>‘?</span> <span class='ocrx_word' id='word_1_132' title='bbox 1552 2113 1658 2161; x_wconf 81' lang='lat' dir='ltr'>fors</span> <span class='ocrx_word' id='word_1_133' title='bbox 1693 2114 1746 2161; x_wconf 88' lang='lat' dir='ltr'>et</span> 
     </span>
     <span class='ocr_line' id='line_1_25' title="bbox 423 2195 1304 2259; baseline -0.002 -13"><span class='ocrx_word' id='word_1_134' title='bbox 423 2197 595 2246; x_wconf 86' lang='lat' dir='ltr'>debita</span> <span class='ocrx_word' id='word_1_135' title='bbox 630 2197 743 2246; x_wconf 86' lang='lat' dir='ltr'>iura</span> <span class='ocrx_word' id='word_1_136' title='bbox 776 2196 1021 2259; x_wconf 81' lang='lat' dir='ltr'>vicesque</span> <span class='ocrx_word' id='word_1_137' title='bbox 1057 2195 1304 2258; x_wconf 89' lang='lat' dir='ltr'>superbae</span> 
     </span>
    </p>

    <p class='ocr_par' dir='ltr' id='par_1_14' title="bbox 288 2276 1780 2424">
     <span class='ocr_line' id='line_1_26' title="bbox 288 2276 1780 2340; baseline -0.003 -13"><span class='ocrx_word' id='word_1_138' title='bbox 288 2281 339 2327; x_wconf 91' lang='lat' dir='ltr'>te</span> <span class='ocrx_word' id='word_1_139' title='bbox 374 2279 620 2327; x_wconf 85' lang='lat' dir='ltr'>maneant</span> <span class='ocrx_word' id='word_1_140' title='bbox 657 2278 867 2340; x_wconf 90' lang='lat' dir='ltr'>ipsum:</span> <span class='ocrx_word' id='word_1_141' title='bbox 913 2276 1154 2340; x_wconf 87' lang='lat' dir='ltr'>precibus</span> <span class='ocrx_word' id='word_1_142' title='bbox 1189 2292 1296 2324; x_wconf 92' lang='lat' dir='ltr'>non</span> <span class='ocrx_word' id='word_1_143' title='bbox 1334 2276 1545 2338; x_wconf 87' lang='lat' dir='ltr'>linquar</span> <span class='ocrx_word' id='word_1_144' title='bbox 1584 2276 1780 2338; x_wconf 88' lang='lat' dir='ltr'>inultis,</span> 
     </span>
     <span class='ocr_line' id='line_1_27' title="bbox 422 2358 1304 2424; baseline -0.003 -15"><span class='ocrx_word' id='word_1_145' title='bbox 422 2363 576 2424; x_wconf 88' lang='lat' dir='ltr'>teque</span> <span class='ocrx_word' id='word_1_146' title='bbox 611 2360 812 2423; x_wconf 88' lang='lat' dir='ltr'>piacula</span> <span class='ocrx_word' id='word_1_147' title='bbox 846 2359 994 2407; x_wconf 88' lang='lat' dir='ltr'>nulla</span> <span class='ocrx_word' id='word_1_148' title='bbox 1029 2358 1304 2408; x_wconf 86' lang='lat' dir='ltr'>resolvent.</span> 
     </span>
    </p>

    <p class='ocr_par' dir='ltr' id='par_1_15' title="bbox 289 2437 1784 2586">
     <span class='ocr_line' id='line_1_28' title="bbox 289 2437 1751 2506; baseline -0.001 -16"><span class='ocrx_word' id='word_1_149' title='bbox 289 2459 607 2506; x_wconf 89' lang='lat' dir='ltr'>quamquam</span> <span class='ocrx_word' id='word_1_150' title='bbox 641 2441 873 2502; x_wconf 84' lang='lat' dir='ltr'>festinas,</span> <span class='ocrx_word' id='word_1_151' title='bbox 909 2456 1017 2488; x_wconf 93' lang='lat' dir='ltr'>non</span> <span class='ocrx_word' id='word_1_152' title='bbox 1049 2442 1131 2489; x_wconf 86' lang='lat' dir='ltr'>est</span> <span class='ocrx_word' id='word_1_153' title='bbox 1164 2456 1311 2488; x_wconf 88' lang='lat' dir='ltr'>mora</span> <span class='ocrx_word' id='word_1_154' title='bbox 1346 2437 1527 2504; x_wconf 86' lang='lat' dir='ltr'>longa:</span> <span class='ocrx_word' id='word_1_155' title='bbox 1576 2440 1751 2488; x_wconf 87' lang='lat' dir='ltr'>licebit</span> 
     </span>
     <span class='ocr_line' id='line_1_29' title="bbox 425 2524 1784 2586; baseline -0.001 -14"><span class='ocrx_word' id='word_1_156' title='bbox 425 2524 616 2574; x_wconf 91' lang='lat' dir='ltr'>iniecto</span> <span class='ocrx_word' id='word_1_157' title='bbox 650 2525 732 2572; x_wconf 90' lang='lat' dir='ltr'>ter</span> <span class='ocrx_word' id='word_1_158' title='bbox 765 2524 978 2586; x_wconf 88' lang='lat' dir='ltr'>pulvere</span> <span class='ocrx_word' id='word_1_159' title='bbox 1013 2537 1200 2571; x_wconf 80' lang='lat' dir='ltr'>curras.</span> <span class='ocrx_word' id='word_1_160' title='bbox 1733 2530 1784 2577; x_wconf 82' lang='lat'>36</span> 
     </span>
    </p>
   </div>
  </div>
 </body>
</html>
