1864 2982
517 173 717 216 LIBER
771 174 808 218 1.
909 173 1040 230 XVI,
1079 172 1219 216 XVII

250 293 358 341 irae
391 290 656 355 Th50sten
689 290 849 340 exitio
885 289 1032 354 gravi

250 374 480 423 stravere
513 375 567 422 et
599 371 726 422 altis
759 370 980 421 urbibus
1014 371 1231 422 ultimae

318 457 511 505 stetere
543 470 740 513 causae,
777 470 871 502 cur
902 454 1135 517 perirent

383 536 627 587 funditus
659 535 1082 600 imprimeretque
1119 536 1290 585 muris

249 661 440 713 hostile
474 662 706 712 aratrum
741 660 999 710 exercitus
1033 659 1279 710 insolens

249 761 515 809 compesce
548 745 815 794 mentem!
861 759 949 792 me
981 760 1186 807 quoque
1222 742 1447 807 pectoris

315 826 597 891 temptavit
630 826 689 875 in
726 825 866 875 dulci
900 825 1117 875 iuventa

382 909 558 960 fervor
589 910 643 958 et
676 908 734 958 in
769 908 960 958 celeres
995 907 1199 957 iambos

246 1035 394 1087 misit
426 1035 725 1086 furentem:
772 1051 915 1084 nunc
951 1050 1046 1098 ego
1081 1033 1301 1083 mitibus

248 1121 452 1168 mutare
486 1134 673 1183 quaero
706 1117 894 1179 tristia,
934 1116 1063 1166 dum
1097 1116 1231 1165 mihi

315 1201 413 1251 fias
444 1200 726 1250 recantatis
757 1199 924 1250 amica

386 1281 678 1347 opprobriis
710 1281 1051 1345 animumque
1085 1280 1284 1330 reddas,

774 1552 951 1603 XVII.

249 1671 418 1722 Velox
450 1687 734 1722 amoenum
770 1686 919 1734 saepe
954 1668 1271 1719 Lucretilem

252 1756 423 1804 mutat
456 1754 657 1818 Lycaeo
691 1753 904 1802 Faunus
938 1755 991 1802 et
1027 1753 1232 1815 igneam

318 1835 551 1886 defendit
585 1838 837 1885 aestatem
872 1834 1084 1898 capellis

387 1934 551 1983 usque
584 1917 719 1967 meis
754 1916 1062 1980 pluviosque
1096 1918 1293 1966 ventos,

250 2043 464 2109 impune
496 2044 674 2093 tutum
707 2058 800 2106 per
834 2057 1022 2091 nemus
1055 2040 1268 2091 arbutos

249 2126 509 2191 quaerunt
538 2125 765 2176 latentes
799 2126 854 2174 et
886 2123 1072 2188 thyma
1107 2123 1287 2173 deviae

317 2207 511 2258 olentis
545 2223 733 2257 uxores
765 2206 956 2267 mariti,

386 2306 482 2341 nec
515 2289 711 2341 virides
745 2290 996 2338 metuunt
1029 2286 1269 2338 colubras

252 2431 347 2466 nec
381 2414 646 2466 Martiales
679 2414 954 2465 Haediliae
988 2412 1154 2478 lupos,

253 2500 535 2562 utcumque
569 2497 722 2559 dulci,
761 2495 1007 2560 Tyndari,
1048 2495 1229 2545 fistula

320 2580 485 2630 valles
519 2581 572 2629 et
607 2579 820 2629 Usticae
854 2577 1089 2626 cubantis

387 2661 522 2711 levia
557 2676 866 2724 personuere
903 2675 1036 2707 saxa.

1548 179 1611 234 31
