1864 2982
557 193 755 237 LIBER
808 194 845 236 1.
942 192 1123 236 1v—V1
1527 201 1591 254 17

90 328 184 361 nec
217 314 455 361 tenerum
491 310 719 374 Lycidan
749 309 1016 370 mirabere,
1055 326 1155 373 quo
1185 309 1315 359 calet
1348 310 1593 360 iuventus

225 409 363 441 nunc
401 392 572 440 omnis
606 395 659 440 et
694 407 816 440 mox
854 391 1084 454 virgines
1119 392 1385 454 tepebunt.
1543 414 1591 440 20

808 607 869 655 V.

225 711 355 774 Quis
385 710 554 760 multa
587 709 792 774 gracilis
827 712 880 759 te
915 726 1045 774 puer
1078 708 1134 757 in
1170 725 1285 758 rosa

225 793 466 857 perfusus
498 792 715 856 liquidis
748 793 898 855 urget
934 791 1178 841 odoribus

290 877 453 940 grato,
492 874 708 939 Pyrrha,
747 873 846 923 sub
882 876 1031 922 ant-ro
1049 875 1077 923 ἱ)

357 955 441 1007 cui
475 957 667 1006 flavam
703 956 891 1019 religas
926 972 1145 1015 comam,

222 1091 447 1156 simplex
481 1091 797 1141 munditiis?
843 1091 945 1140 heu
982 1090 1222 1154 quotiens
1258 1089 1416 1139 fidem
1566 1111 1587 1148 5

222 1177 554 1239 mutatosque
589 1173 711 1224 deos
745 1173 892 1223 flebit
927 1175 980 1223 et
1014 1189 1194 1236 aspera

289 1255 452 1320 nigris
485 1271 706 1320 aequora
739 1255 913 1305 ventis

357 1337 661 1387 emirabitur
695 1337 939 1398 insolens,

220 1478 311 1543 qui
346 1493 486 1528 nunc
521 1481 573 1528 te
611 1477 805 1527 fruitur
840 1476 1083 1527 credulus
1118 1493 1286 1536 aurea,

221 1560 312 1624 qui
346 1576 550 1624 semper
582 1576 815 1620 vacuam,
857 1575 1062 1622 semper
1099 1558 1376 1608 amabilem
1540 1578 1588 1606 10

288 1645 475 1706 sperat,
515 1642 721 1692 nescius
755 1659 909 1692 aurae

354 1725 565 1776 fallacis.
640 1726 817 1775 miseri
855 1726 1043 1789 quibus

219 1865 529 1929 intemptata
564 1865 727 1915 nites:
775 1882 859 1914 me
895 1865 1072 1915 tabula
1109 1882 1248 1914 sacer

221 1946 398 1998 votiva
430 1947 597 2011 paries
633 1947 827 1997 indicat
853 1948 1021 1997 uvida

285 2028 614 2094 suspendisse
648 2030 847 2094 potenti
1538 2049 1583 2088 15

354 2111 669 2161 vestimenta
707 2112 868 2162 maris
905 2113 1012 2162 deo.

790 2351 881 2400 VI.

149 2451 403 2504 Scriberis
435 2453 594 2505 Vario
629 2455 782 2505 fortis
816 2459 867 2504 et
904 2455 1135 2506 hostium
1207 2467 1218 2475 “

151 2534 316 2584 victor
347 2534 569 2587 Maeonii
604 2537 851 2587 carminis
883 2538 1021 2599 alite,

150 2633 304 2680 quam
345 2634 454 2668 rem
490 2636 714 2684 cumque
752 2620 889 2669 ferox
930 2621 1149 2670 navibus
1186 2622 1276 2670 aut
1313 2619 1460 2684 equis

286 2699 440 2750 miles
473 2703 525 2751 te
561 2702 687 2751 duce
724 2703 951 2765 gesserit.

142 2796 288 2825 1¹10ssOE
348 2797 443 2827 wls
465 2798 491 2826 1.
819 2797 846 2827 (ἶ
