1864 2982
517 202 715 246 LIBER
772 202 812 244 Ι.
910 201 1025 260 VII,
1053 201 1175 244 VIII
1534 206 1600 261 19

96 336 191 370 nec
224 322 335 369 tam
371 319 605 369 Larissae
640 318 893 382 percussit
930 333 1145 381 campus
1181 317 1381 380 opimae

230 418 388 466 quam
422 402 611 451 domus
643 401 919 451 Albuneae
954 399 1246 449 resonantis

96 486 148 535 et
180 500 427 548 praeceps
458 483 599 534 Anio
633 500 692 532 ac
728 482 948 532 Tiburni
982 481 1132 531 lucus
1167 483 1222 531 et
1257 482 1359 531 uda

229 565 518 616 mobilibus
548 564 781 629 pomaria
813 564 956 614 rivis.

94 647 243 699 albus
274 650 337 699 ut
369 648 587 699 obscuro
621 647 851 711 deterget
884 646 1068 696 nubila
1101 645 1242 695 caelo
1472 696 1475 699 ,
1549 665 1596 705 15

229 747 384 796 saepe
416 730 588 780 Notus
621 745 790 793 neque
821 729 1043 793 parturit
1077 727 1276 777 imbres

93 816 386 878 perpetuos,
426 812 501 862 sic
534 813 595 861 tu
628 811 837 875 sapiens
869 810 1022 861 finire
1055 813 1322 861 memento

229 894 503 947 tristitiam
534 895 778 958 vitaeque
811 892 1015 943 labores

94 977 258 1040 molli,
295 976 505 1039 Plance,
545 992 705 1038 mero,
744 991 837 1024 seu
869 977 923 1024 te
958 974 1218 1039 fulgentia
1252 974 1418 1039 signis

230 1062 401 1110 castra
432 1061 617 1109 tenent
652 1074 745 1108 seu
781 1057 942 1107 densa
973 1057 1178 1107 tenebit
1548 1078 1598 1106 20

94 1141 307 1192 Tiburis
338 1141 525 1191 umbra
556 1140 656 1191 tui.
725 1140 921 1189 Teucer
957 1140 1220 1190 Salamina
1253 1142 1558 1206 patremque

229 1241 352 1275 cum
383 1223 601 1288 fugeret,
639 1226 819 1272 tamen
852 1222 955 1272 uda
989 1223 1163 1286 Lyaeo

94 1311 331 1372 tempora
362 1305 586 1371 populea
616 1305 785 1355 fertur
817 1304 1046 1354 vinxisse
1081 1322 1282 1367 corona,

230 1391 305 1439 sic
336 1389 515 1439 tristes
548 1388 739 1438 affatus
773 1388 1003 1438 amicos:

101 1475 233 1537 ‘quo
265 1488 365 1521 nos
398 1487 623 1535 cumque
655 1470 788 1520 feret
822 1470 1007 1519 melior
1039 1471 1252 1520 fortuna
1287 1473 1515 1535 parente,
1547 1493 1565 1520 2
1573 1491 1595 1532 5

230 1553 439 1617 ibimus,
477 1570 509 1603 o
544 1553 673 1603 socii
707 1553 1054 1616 comitesque!

97 1635 174 1687 nil
207 1635 591 1700 desperandum
626 1636 824 1685 Teucro
859 1635 987 1685 duce
1023 1638 1074 1685 et
1117 1634 1322 1698 auspice
1369 1636 1596 1687 Teucro:

230 1721 404 1768 certus
434 1717 580 1768 enim
613 1717 858 1781 promisit
893 1718 1084 1781 Apollo

97 1800 397 1866 ambiguam
428 1800 618 1850 tellure
651 1816 788 1850 nova
823 1800 1093 1850 Salamina
1125 1801 1372 1850 futuram.

233 1899 265 1932 o
299 1882 460 1932 fortes
494 1881 773 1945 peioraque
808 1882 947 1945 passi
1548 1903 1597 1941 30

98 1980 302 2014 mecum
336 1980 486 2027 saepe
522 1963 636 2025 viri,
678 1980 819 2013 nunc
853 1963 978 2013 vino
1014 1964 1193 2028 pellite
1229 1981 1412 2014 curas:

232 2062 343 2095 cras
375 2046 562 2110 ingens
597 2046 902 2096 iterabimus
938 2048 1162 2110 aequor.'

770 2337 923 2386 VIII.

100 2453 277 2518 Lydia,
314 2454 410 2517 dic,
449 2471 544 2519 per
576 2471 760 2505 omnes

233 2539 290 2586 te
323 2536 447 2586 deos
481 2553 585 2600 oro,
627 2538 846 2602 Sybarin
885 2554 975 2586 cur
1010 2554 1251 2601 properes
1286 2539 1509 2588 amando

102 2617 323 2681 perdere,
363 2635 456 2668 cur
486 2619 718 2683 apricum

236 2700 402 2750 oderit
437 2717 694 2765 campum,
737 2703 942 2765 patiens
979 2702 1208 2766 pulveris
1244 2706 1397 2767 atque
1435 2702 1577 2753 solis,

810 2797 836 2826 C
861 2798 888 2826 2
