<?xml version="1.0" encoding="UTF-8"?>
<!DOCTYPE html PUBLIC "-//W3C//DTD XHTML 1.0 Transitional//EN"
    "http://www.w3.org/TR/xhtml1/DTD/xhtml1-transitional.dtd">
<html xmlns="http://www.w3.org/1999/xhtml" xml:lang="en" lang="en">
 <head>
  <title>
</title>
<meta http-equiv="Content-Type" content="text/html;charset=utf-8" />
  <meta name='ocr-system' content='tesseract 3.04.00' />
  <meta name='ocr-capabilities' content='ocr_page ocr_carea ocr_par ocr_line ocrx_word'/>
</head>
<body>
  <div class='ocr_page' id='page_1' title='image "./carminumliberi00horauoft_0025.png"; bbox 0 0 1864 2982; ppageno 0'>
   <div class='ocr_carea' id='block_1_1' title="bbox 609 187 1150 244">
    <p class='ocr_par' dir='ltr' id='par_1_1' title="bbox 609 187 1150 244">
     <span class='ocr_line' id='line_1_1' title="bbox 609 187 1150 244; baseline -0.009 -12"><span class='ocrx_word' id='word_1_1' title='bbox 609 188 807 232; x_wconf 84' lang='lat' dir='ltr'>LIBER</span> <span class='ocrx_word' id='word_1_2' title='bbox 846 188 881 231; x_wconf 86' lang='lat'>1.</span> <span class='ocrx_word' id='word_1_3' title='bbox 983 188 1047 244; x_wconf 92' lang='lat'>11,</span> <span class='ocrx_word' id='word_1_4' title='bbox 1081 187 1150 228; x_wconf 87' lang='lat'>111</span> 
     </span>
    </p>
   </div>
   <div class='ocr_carea' id='block_1_2' title="bbox 265 304 1330 610">
    <p class='ocr_par' dir='ltr' id='par_1_2' title="bbox 266 304 1152 369">
     <span class='ocr_line' id='line_1_2' title="bbox 266 304 1152 369; baseline -0.005 -14"><span class='ocrx_word' id='word_1_5' title='bbox 266 307 371 356; x_wconf 90' lang='lat' dir='ltr'>heu</span> <span class='ocrx_word' id='word_1_6' title='bbox 405 306 566 355; x_wconf 88' lang='lat' dir='ltr'>nimis</span> <span class='ocrx_word' id='word_1_7' title='bbox 598 306 757 369; x_wconf 87' lang='lat' dir='ltr'>longo</span> <span class='ocrx_word' id='word_1_8' title='bbox 791 304 978 354; x_wconf 76' lang='lat' dir='ltr'>satiate</span> <span class='ocrx_word' id='word_1_9' title='bbox 1012 304 1152 359; x_wconf 84' lang='lat' dir='ltr'>ludo,</span> 
     </span>
    </p>

    <p class='ocr_par' dir='ltr' id='par_1_3' title="bbox 265 385 1330 452">
     <span class='ocr_line' id='line_1_3' title="bbox 265 385 1330 452; baseline -0.007 -14"><span class='ocrx_word' id='word_1_10' title='bbox 265 405 422 452; x_wconf 86' lang='lat' dir='ltr'>quem</span> <span class='ocrx_word' id='word_1_11' title='bbox 455 388 603 437; x_wconf 81' lang='lat' dir='ltr'>iuvat</span> <span class='ocrx_word' id='word_1_12' title='bbox 637 388 835 436; x_wconf 86' lang='lat' dir='ltr'>elamor</span> <span class='ocrx_word' id='word_1_13' title='bbox 867 387 1143 450; x_wconf 78' lang='lat' dir='ltr'>galeaeque</span> <span class='ocrx_word' id='word_1_14' title='bbox 1178 385 1330 442; x_wconf 75' lang='lat' dir='ltr'>leves„</span> 
     </span>
    </p>

    <p class='ocr_par' dir='ltr' id='par_1_4' title="bbox 267 468 1210 610">
     <span class='ocr_line' id='line_1_4' title="bbox 267 468 1210 531; baseline -0.005 -12"><span class='ocrx_word' id='word_1_15' title='bbox 267 486 384 519; x_wconf 83' lang='lat' dir='ltr'>aeer</span> <span class='ocrx_word' id='word_1_16' title='bbox 418 471 474 518; x_wconf 79' lang='lat' dir='ltr'>et</span> <span class='ocrx_word' id='word_1_17' title='bbox 507 469 676 519; x_wconf 80' lang='lat' dir='ltr'>Mauri</span> <span class='ocrx_word' id='word_1_18' title='bbox 711 468 902 531; x_wconf 79' lang='lat' dir='ltr'>peditis</span> <span class='ocrx_word' id='word_1_19' title='bbox 937 469 1210 516; x_wconf 80' lang='lat' dir='ltr'>cruentum</span> 
     </span>
     <span class='ocr_line' id='line_1_5' title="bbox 400 550 946 610; baseline -0.002 -10"><span class='ocrx_word' id='word_1_20' title='bbox 400 550 579 600; x_wconf 80' lang='lat' dir='ltr'>vultus</span> <span class='ocrx_word' id='word_1_21' title='bbox 612 550 671 599; x_wconf 90' lang='lat' dir='ltr'>in</span> <span class='ocrx_word' id='word_1_22' title='bbox 704 551 946 610; x_wconf 75' lang='lat' dir='ltr'>hostem3</span> 
     </span>
    </p>
   </div>
   <div class='ocr_carea' id='block_1_3' title="bbox 262 661 1130 958">
    <p class='ocr_par' dir='ltr' id='par_1_5' title="bbox 264 661 1089 724">
     <span class='ocr_line' id='line_1_6' title="bbox 264 661 1089 724; baseline -0.002 -14"><span class='ocrx_word' id='word_1_23' title='bbox 264 664 375 712; x_wconf 82' lang='lat' dir='ltr'>sive</span> <span class='ocrx_word' id='word_1_24' title='bbox 410 664 612 711; x_wconf 79' lang='lat' dir='ltr'>mutata</span> <span class='ocrx_word' id='word_1_25' title='bbox 647 662 890 710; x_wconf 85' lang='lat' dir='ltr'>iuvenem</span> <span class='ocrx_word' id='word_1_26' title='bbox 923 661 1089 724; x_wconf 87' lang='lat' dir='ltr'>figura</span> 
     </span>
    </p>

    <p class='ocr_par' dir='ltr' id='par_1_6' title="bbox 264 742 1130 803">
     <span class='ocr_line' id='line_1_7' title="bbox 264 742 1130 803; baseline -0.005 -10"><span class='ocrx_word' id='word_1_27' title='bbox 264 744 372 793; x_wconf 85' lang='lat' dir='ltr'>ales</span> <span class='ocrx_word' id='word_1_28' title='bbox 405 744 464 793; x_wconf 88' lang='lat' dir='ltr'>in</span> <span class='ocrx_word' id='word_1_29' title='bbox 498 744 654 793; x_wconf 71' lang='lat' dir='ltr'>ferris</span> <span class='ocrx_word' id='word_1_30' title='bbox 686 742 922 803; x_wconf 78' lang='lat' dir='ltr'>imitaris,</span> <span class='ocrx_word' id='word_1_31' title='bbox 965 742 1130 790; x_wconf 79' lang='lat' dir='ltr'>almae</span> 
     </span>
    </p>

    <p class='ocr_par' dir='ltr' id='par_1_7' title="bbox 262 823 1072 958">
     <span class='ocr_line' id='line_1_8' title="bbox 262 823 1072 888; baseline -0.006 -12"><span class='ocrx_word' id='word_1_32' title='bbox 262 825 404 876; x_wconf 86' lang='lat' dir='ltr'>filius</span> <span class='ocrx_word' id='word_1_33' title='bbox 436 825 619 887; x_wconf 77' lang='lat' dir='ltr'>Maiae,</span> <span class='ocrx_word' id='word_1_34' title='bbox 658 825 863 888; x_wconf 81' lang='lat' dir='ltr'>patiens</span> <span class='ocrx_word' id='word_1_35' title='bbox 898 823 1072 873; x_wconf 82' lang='lat' dir='ltr'>vocari</span> 
     </span>
     <span class='ocr_line' id='line_1_9' title="bbox 398 907 835 958; baseline -0.005 0"><span class='ocrx_word' id='word_1_36' title='bbox 398 907 632 958; x_wconf 78' lang='lat' dir='ltr'>Caesaris</span> <span class='ocrx_word' id='word_1_37' title='bbox 666 907 835 957; x_wconf 79' lang='lat' dir='ltr'>ultor:</span> 
     </span>
    </p>
   </div>
   <div class='ocr_carea' id='block_1_4' title="bbox 261 1018 1175 1315">
    <p class='ocr_par' dir='ltr' id='par_1_8' title="bbox 261 1018 1175 1081">
     <span class='ocr_line' id='line_1_10' title="bbox 261 1018 1175 1081; baseline -0.004 -12"><span class='ocrx_word' id='word_1_38' title='bbox 261 1035 407 1069; x_wconf 83' lang='lat' dir='ltr'>serus</span> <span class='ocrx_word' id='word_1_39' title='bbox 440 1019 498 1068; x_wconf 90' lang='lat' dir='ltr'>in</span> <span class='ocrx_word' id='word_1_40' title='bbox 533 1019 732 1068; x_wconf 83' lang='lat' dir='ltr'>caelum</span> <span class='ocrx_word' id='word_1_41' title='bbox 767 1018 949 1067; x_wconf 87' lang='lat' dir='ltr'>redeas</span> <span class='ocrx_word' id='word_1_42' title='bbox 982 1018 1175 1081; x_wconf 87' lang='lat' dir='ltr'>diuque</span> 
     </span>
    </p>

    <p class='ocr_par' dir='ltr' id='par_1_9' title="bbox 261 1099 1157 1165">
     <span class='ocr_line' id='line_1_11' title="bbox 261 1099 1157 1165; baseline -0.004 -14"><span class='ocrx_word' id='word_1_43' title='bbox 261 1100 430 1151; x_wconf 76' lang='lat' dir='ltr'>laetus</span> <span class='ocrx_word' id='word_1_44' title='bbox 464 1100 677 1150; x_wconf 71' lang='lat' dir='ltr'>intersis</span> <span class='ocrx_word' id='word_1_45' title='bbox 710 1101 903 1165; x_wconf 90' lang='lat' dir='ltr'>populo</span> <span class='ocrx_word' id='word_1_46' title='bbox 938 1099 1157 1162; x_wconf 78' lang='lat' dir='ltr'>Quirini,</span> 
     </span>
    </p>

    <p class='ocr_par' dir='ltr' id='par_1_10' title="bbox 262 1182 1170 1315">
     <span class='ocr_line' id='line_1_12' title="bbox 262 1182 1170 1246; baseline -0.002 -14"><span class='ocrx_word' id='word_1_47' title='bbox 262 1200 394 1234; x_wconf 80' lang='lat' dir='ltr'>neve</span> <span class='ocrx_word' id='word_1_48' title='bbox 427 1186 481 1233; x_wconf 76' lang='lat' dir='ltr'>te</span> <span class='ocrx_word' id='word_1_49' title='bbox 515 1183 712 1233; x_wconf 78' lang='lat' dir='ltr'>nostris</span> <span class='ocrx_word' id='word_1_50' title='bbox 745 1183 892 1232; x_wconf 84' lang='lat' dir='ltr'>vitiis</span> <span class='ocrx_word' id='word_1_51' title='bbox 927 1182 1170 1246; x_wconf 89' lang='lat' dir='ltr'>iniquum</span> 
     </span>
     <span class='ocr_line' id='line_1_13' title="bbox 400 1264 698 1315; baseline -0.003 0"><span class='ocrx_word' id='word_1_52' title='bbox 400 1264 540 1315; x_wconf 84' lang='lat' dir='ltr'>ocior</span> <span class='ocrx_word' id='word_1_53' title='bbox 571 1282 698 1315; x_wconf 82' lang='lat' dir='ltr'>aura</span> 
     </span>
    </p>
   </div>
   <div class='ocr_carea' id='block_1_5' title="bbox 259 1376 1383 1684">
    <p class='ocr_par' dir='ltr' id='par_1_11' title="bbox 259 1376 1383 1603">
     <span class='ocr_line' id='line_1_14' title="bbox 260 1376 1383 1440; baseline -0.003 -13"><span class='ocrx_word' id='word_1_54' title='bbox 260 1376 443 1437; x_wconf 72' lang='lat' dir='ltr'>tollat3</span> <span class='ocrx_word' id='word_1_55' title='bbox 488 1376 575 1426; x_wconf 83' lang='lat' dir='ltr'>hie</span> <span class='ocrx_word' id='word_1_56' title='bbox 608 1376 826 1440; x_wconf 79' lang='lat' dir='ltr'>magnos</span> <span class='ocrx_word' id='word_1_57' title='bbox 860 1377 1037 1440; x_wconf 77' lang='lat' dir='ltr'>potius</span> <span class='ocrx_word' id='word_1_58' title='bbox 1070 1376 1383 1438; x_wconf 71' lang='lat' dir='ltr'>triumphoe,</span> 
     </span>
     <span class='ocr_line' id='line_1_15' title="bbox 260 1458 1322 1522; baseline -0.002 -14"><span class='ocrx_word' id='word_1_59' title='bbox 260 1458 346 1508; x_wconf 83' lang='lat' dir='ltr'>hic</span> <span class='ocrx_word' id='word_1_60' title='bbox 380 1475 524 1508; x_wconf 83' lang='lat' dir='ltr'>ames</span> <span class='ocrx_word' id='word_1_61' title='bbox 557 1458 661 1508; x_wconf 82' lang='lat' dir='ltr'>dici</span> <span class='ocrx_word' id='word_1_62' title='bbox 694 1461 842 1522; x_wconf 76' lang='lat' dir='ltr'>pater</span> <span class='ocrx_word' id='word_1_63' title='bbox 876 1461 1032 1522; x_wconf 79' lang='lat' dir='ltr'>atque</span> <span class='ocrx_word' id='word_1_64' title='bbox 1066 1458 1322 1521; x_wconf 83' lang='lat' dir='ltr'>princeps,</span> 
     </span>
     <span class='ocr_line' id='line_1_16' title="bbox 259 1539 1248 1603; baseline 0 -13"><span class='ocrx_word' id='word_1_65' title='bbox 259 1556 364 1590; x_wconf 84' lang='lat' dir='ltr'>neu</span> <span class='ocrx_word' id='word_1_66' title='bbox 397 1540 539 1590; x_wconf 82' lang='lat' dir='ltr'>sinas</span> <span class='ocrx_word' id='word_1_67' title='bbox 573 1540 753 1590; x_wconf 82' lang='lat' dir='ltr'>Medos</span> <span class='ocrx_word' id='word_1_68' title='bbox 787 1540 1017 1603; x_wconf 79' lang='lat' dir='ltr'>equitare</span> <span class='ocrx_word' id='word_1_69' title='bbox 1054 1539 1248 1590; x_wconf 79' lang='lat' dir='ltr'>inultos</span> 
     </span>
    </p>

    <p class='ocr_par' dir='ltr' id='par_1_12' title="bbox 394 1622 863 1684">
     <span class='ocr_line' id='line_1_17' title="bbox 394 1622 863 1684; baseline 0 -12"><span class='ocrx_word' id='word_1_70' title='bbox 394 1624 445 1672; x_wconf 79' lang='lat' dir='ltr'>te</span> <span class='ocrx_word' id='word_1_71' title='bbox 482 1622 623 1684; x_wconf 85' lang='lat' dir='ltr'>duce,</span> <span class='ocrx_word' id='word_1_72' title='bbox 663 1622 863 1672; x_wconf 87' lang='lat' dir='ltr'>Caesar.</span> 
     </span>
    </p>
   </div>
   <div class='ocr_carea' id='block_1_6' title="bbox 818 1830 925 1880">
    <p class='ocr_par' dir='ltr' id='par_1_13' title="bbox 818 1830 925 1880">
     <span class='ocr_line' id='line_1_18' title="bbox 818 1830 925 1880; baseline 0.009 -1"><span class='ocrx_word' id='word_1_73' title='bbox 818 1830 925 1880; x_wconf 93' lang='grc' dir='ltr'><strong>ΙΙΙ.</strong></span> 
     </span>
    </p>
   </div>
   <div class='ocr_carea' id='block_1_7' title="bbox 191 1947 1335 2094">
    <p class='ocr_par' dir='ltr' id='par_1_14' title="bbox 191 1947 1335 2094">
     <span class='ocr_line' id='line_1_19' title="bbox 191 1947 952 2013; baseline -0.001 -14"><span class='ocrx_word' id='word_1_74' title='bbox 191 1948 280 1999; x_wconf 81' lang='lat' dir='ltr'>Sic</span> <span class='ocrx_word' id='word_1_75' title='bbox 314 1950 367 1997; x_wconf 80' lang='lat' dir='ltr'>te</span> <span class='ocrx_word' id='word_1_76' title='bbox 401 1947 526 1998; x_wconf 79' lang='lat' dir='ltr'>diva</span> <span class='ocrx_word' id='word_1_77' title='bbox 558 1951 746 2012; x_wconf 74' lang='lat' dir='ltr'>potens</span> <span class='ocrx_word' id='word_1_78' title='bbox 780 1948 952 2013; x_wconf 84' lang='lat' dir='ltr'>Cypri,</span> 
     </span>
     <span class='ocr_line' id='line_1_20' title="bbox 323 2029 1335 2094; baseline 0 -14"><span class='ocrx_word' id='word_1_79' title='bbox 323 2029 400 2080; x_wconf 80' lang='lat' dir='ltr'>sic</span> <span class='ocrx_word' id='word_1_80' title='bbox 433 2030 620 2081; x_wconf 70' lang='lat' dir='ltr'>fiatres</span> <span class='ocrx_word' id='word_1_81' title='bbox 654 2031 902 2094; x_wconf 85' lang='lat' dir='ltr'>Helenae,</span> <span class='ocrx_word' id='word_1_82' title='bbox 942 2031 1115 2080; x_wconf 84' lang='lat' dir='ltr'>lueida</span> <span class='ocrx_word' id='word_1_83' title='bbox 1149 2030 1335 2093; x_wconf 88' lang='lat' dir='ltr'>sidera,</span> 
     </span>
    </p>
   </div>
   <div class='ocr_carea' id='block_1_8' title="bbox 189 2113 931 2178">
    <p class='ocr_par' dir='ltr' id='par_1_15' title="bbox 189 2113 931 2178">
     <span class='ocr_line' id='line_1_21' title="bbox 189 2113 931 2178; baseline -0.001 -15"><span class='ocrx_word' id='word_1_84' title='bbox 189 2113 571 2177; x_wconf 70' lang='lat' dir='ltr'>ventorumque</span> <span class='ocrx_word' id='word_1_85' title='bbox 604 2115 749 2177; x_wconf 82' lang='lat' dir='ltr'>regat</span> <span class='ocrx_word' id='word_1_86' title='bbox 781 2115 931 2178; x_wconf 83' lang='lat' dir='ltr'>pater</span> 
     </span>
    </p>
   </div>
   <div class='ocr_carea' id='block_1_9' title="bbox 188 2194 1404 2755">
    <p class='ocr_par' dir='ltr' id='par_1_16' title="bbox 190 2194 1225 2342">
     <span class='ocr_line' id='line_1_22' title="bbox 326 2194 1225 2261; baseline -0.001 -16"><span class='ocrx_word' id='word_1_87' title='bbox 326 2194 590 2245; x_wconf 72' lang='lat' dir='ltr'>obstrictis</span> <span class='ocrx_word' id='word_1_88' title='bbox 622 2195 739 2245; x_wconf 85' lang='lat' dir='ltr'>aliis</span> <span class='ocrx_word' id='word_1_89' title='bbox 774 2197 979 2260; x_wconf 73' lang='lat' dir='ltr'>praeter</span> <span class='ocrx_word' id='word_1_90' title='bbox 1014 2195 1225 2261; x_wconf 83' lang='lat' dir='ltr'>Iapyga,</span> 
     </span>
     <span class='ocr_line' id='line_1_23' title="bbox 190 2277 951 2342; baseline 0 -15"><span class='ocrx_word' id='word_1_91' title='bbox 190 2277 354 2339; x_wconf 77' lang='lat' dir='ltr'>navis,</span> <span class='ocrx_word' id='word_1_92' title='bbox 394 2292 523 2342; x_wconf 75' lang='lat' dir='ltr'>quae</span> <span class='ocrx_word' id='word_1_93' title='bbox 559 2277 660 2327; x_wconf 83' lang='lat' dir='ltr'>tibi</span> <span class='ocrx_word' id='word_1_94' title='bbox 692 2278 951 2327; x_wconf 82' lang='lat' dir='ltr'>creditum</span> 
     </span>
    </p>

    <p class='ocr_par' dir='ltr' id='par_1_17' title="bbox 190 2358 1284 2507">
     <span class='ocr_line' id='line_1_24' title="bbox 324 2358 1284 2425; baseline 0.002 -16"><span class='ocrx_word' id='word_1_95' title='bbox 324 2358 483 2410; x_wconf 83' lang='lat' dir='ltr'>debes</span> <span class='ocrx_word' id='word_1_96' title='bbox 513 2358 820 2425; x_wconf 84' lang='lat' dir='ltr'>Vergilium,</span> <span class='ocrx_word' id='word_1_97' title='bbox 860 2360 1057 2410; x_wconf 87' lang='lat' dir='ltr'>finibus</span> <span class='ocrx_word' id='word_1_98' title='bbox 1089 2360 1284 2411; x_wconf 78' lang='lat' dir='ltr'>Atticis</span> 
     </span>
     <span class='ocr_line' id='line_1_25' title="bbox 190 2441 939 2507; baseline 0.001 -16"><span class='ocrx_word' id='word_1_99' title='bbox 190 2441 375 2492; x_wconf 78' lang='lat' dir='ltr'>reddas</span> <span class='ocrx_word' id='word_1_100' title='bbox 406 2441 724 2493; x_wconf 77' lang='lat' dir='ltr'>ineolumem</span> <span class='ocrx_word' id='word_1_101' title='bbox 759 2459 939 2507; x_wconf 76' lang='lat' dir='ltr'>precor</span> 
     </span>
    </p>

    <p class='ocr_par' dir='ltr' id='par_1_18' title="bbox 188 2524 1335 2671">
     <span class='ocr_line' id='line_1_26' title="bbox 323 2524 1335 2575; baseline 0.002 -2"><span class='ocrx_word' id='word_1_102' title='bbox 323 2525 379 2574; x_wconf 76' lang='lat' dir='ltr'>et</span> <span class='ocrx_word' id='word_1_103' title='bbox 411 2539 588 2575; x_wconf 79' lang='lat' dir='ltr'>serves</span> <span class='ocrx_word' id='word_1_104' title='bbox 622 2524 825 2575; x_wconf 78' lang='lat' dir='ltr'>animae</span> <span class='ocrx_word' id='word_1_105' title='bbox 860 2525 1141 2575; x_wconf 80' lang='lat' dir='ltr'>dimidium</span> <span class='ocrx_word' id='word_1_106' title='bbox 1175 2542 1335 2575; x_wconf 84' lang='lat' dir='ltr'>meae.</span> 
     </span>
     <span class='ocr_line' id='line_1_27' title="bbox 188 2604 897 2671; baseline 0.003 -16"><span class='ocrx_word' id='word_1_107' title='bbox 188 2605 268 2655; x_wconf 88' lang='lat' dir='ltr'>illi</span> <span class='ocrx_word' id='word_1_108' title='bbox 302 2604 462 2656; x_wconf 80' lang='lat' dir='ltr'>robur</span> <span class='ocrx_word' id='word_1_109' title='bbox 494 2609 548 2656; x_wconf 81' lang='lat' dir='ltr'>et</span> <span class='ocrx_word' id='word_1_110' title='bbox 584 2623 671 2656; x_wconf 84' lang='lat' dir='ltr'>aes</span> <span class='ocrx_word' id='word_1_111' title='bbox 706 2607 897 2671; x_wconf 79' lang='lat' dir='ltr'>triplex</span> 
     </span>
    </p>

    <p class='ocr_par' dir='ltr' id='par_1_19' title="bbox 324 2688 1404 2755">
     <span class='ocr_line' id='line_1_28' title="bbox 324 2688 1404 2755; baseline 0.001 -17"><span class='ocrx_word' id='word_1_112' title='bbox 324 2688 461 2740; x_wconf 74' lang='lat' dir='ltr'>circa</span> <span class='ocrx_word' id='word_1_113' title='bbox 492 2691 674 2754; x_wconf 76' lang='lat' dir='ltr'>peetus</span> <span class='ocrx_word' id='word_1_114' title='bbox 706 2692 832 2751; x_wconf 80' lang='lat' dir='ltr'>erat,</span> <span class='ocrx_word' id='word_1_115' title='bbox 872 2691 961 2754; x_wconf 90' lang='lat' dir='ltr'>qui</span> <span class='ocrx_word' id='word_1_116' title='bbox 998 2690 1234 2755; x_wconf 74' lang='lat' dir='ltr'>fragilem</span> <span class='ocrx_word' id='word_1_117' title='bbox 1272 2693 1404 2741; x_wconf 81' lang='lat' dir='ltr'>truci</span> 
     </span>
    </p>
   </div>
   <div class='ocr_carea' id='block_1_10' title="bbox 1565 191 1631 246">
    <p class='ocr_par' dir='ltr' id='par_1_20' title="bbox 1565 191 1631 246">
     <span class='ocr_line' id='line_1_29' title="bbox 1565 191 1631 246; baseline 0 0"><span class='ocrx_word' id='word_1_118' title='bbox 1565 191 1631 246; x_wconf 86' lang='lat'>13</span> 
     </span>
    </p>
   </div>
   <div class='ocr_carea' id='block_1_11' title="bbox 1575 1036 1625 1075">
    <p class='ocr_par' dir='ltr' id='par_1_21' title="bbox 1575 1036 1625 1075">
     <span class='ocr_line' id='line_1_30' title="bbox 1575 1036 1625 1075; baseline 0 0"><span class='ocrx_word' id='word_1_119' title='bbox 1575 1036 1625 1075; x_wconf 80' lang='lat'>45</span> 
     </span>
    </p>
   </div>
   <div class='ocr_carea' id='block_1_12' title="bbox 1571 1477 1627 1516">
    <p class='ocr_par' dir='ltr' id='par_1_22' title="bbox 1571 1477 1627 1516">
     <span class='ocr_line' id='line_1_31' title="bbox 1571 1477 1627 1516; baseline 0 -10"><span class='ocrx_word' id='word_1_120' title='bbox 1571 1477 1627 1516; x_wconf 83' lang='grc'>50</span> 
     </span>
    </p>
   </div>
   <div class='ocr_carea' id='block_1_13' title="bbox 1571 2712 1618 2740">
    <p class='ocr_par' dir='ltr' id='par_1_23' title="bbox 1571 2712 1618 2740">
     <span class='ocr_line' id='line_1_32' title="bbox 1571 2712 1618 2740; baseline 0.021 -1"><span class='ocrx_word' id='word_1_121' title='bbox 1571 2712 1618 2740; x_wconf 89' lang='lat'>10</span> 
     </span>
    </p>
   </div>
  </div>
 </body>
</html>
