1864 2982
210 187 276 241 18
614 199 873 242 HORATI
923 199 1286 244 CARMINUM

269 330 379 376 neS‚
419 315 665 379 Agrippa,
705 332 875 379 neque
908 315 1034 364 haec
1069 315 1250 377 dicere,
1292 333 1386 365 nec
1422 333 1631 380 gravem
1671 335 1692 374 5

268 397 479 445 Pelidae
514 397 842 446 stomachum
877 397 1056 446 cedere
1092 397 1266 459 nescii,

267 494 363 526 nec
398 491 580 546 cursus
613 478 836 541 duplicis
868 495 962 541 per
995 494 1140 527 mare
1174 477 1367 540 Ulixei,

402 575 498 607 nec
534 575 742 608 saevam
777 559 986 622 Pelopis
1021 560 1235 609 domum

267 698 527 744 conamur,
567 683 753 732 tenues
788 683 1016 747 grandia,
1059 683 1185 732 dum
1219 683 1388 746 pudor

266 763 599 827 imbellisque
631 763 775 827 lyrae
810 766 960 814 Musa
992 766 1178 828 potens
1211 766 1356 815 vetat

268 845 448 894 laudes
482 845 679 909 egregii
715 846 948 896 Caesaris
983 848 1036 896 et
1071 848 1188 896 tuas

404 927 555 990 culpa
590 927 823 977 deterere
857 927 1050 991 ingeni.

266 1050 385 1114 quis
419 1050 641 1100 Martem
674 1051 852 1101 tunica
885 1052 1084 1101 tectum
1117 1051 1453 1102 adamantina

267 1132 423 1196 digne
458 1132 719 1196 scripserit
753 1134 843 1182 aut
877 1133 1091 1197 pulvere
1125 1133 1309 1183 Troico

268 1214 483 1277 nigrum
518 1214 784 1264 Merionen
819 1216 910 1264 aut
944 1232 1041 1279 ope
1075 1214 1307 1266 Palladis

403 1295 641 1359 Tydiden
676 1295 879 1359 superis
912 1313 1091 1359 parem
1109 1298 1137 1347 ⁴?

265 1435 361 1468 nos
395 1419 643 1483 convivia,
682 1435 781 1469 nos
814 1420 1011 1484 proelia
1043 1420 1311 1485 virginum

267 1501 422 1552 sectis
457 1501 516 1552 in
550 1501 764 1552 iuvenes
798 1502 1065 1566 unguibus
1097 1503 1294 1553 acrium

268 1587 540 1635 cantamus
574 1583 738 1647 vacui,
779 1585 888 1635 sive
925 1585 1050 1649 quid
1086 1585 1304 1647 urimur,

379 1682 510 1715 -non
545 1668 748 1730 praeter
781 1666 996 1717 solitum
1029 1666 1183 1718 leves

885 1854 1011 1903 VII.

203 1944 507 1995 Laudabunt
541 1943 632 1994 alii
666 1943 858 1994 claram
892 1943 1116 1993 Rhodon
1149 1943 1239 1993 aut
1274 1942 1563 2006 Mytilenen

336 2030 426 2077 aut
461 2028 730 2090 Ephesum
763 2025 1043 2075 bimarisve
1077 2025 1316 2076 Corinthi

1650 783 1699 811 10

1649 1232 1695 1273 15

1650 1686 1699 1713 20

201 2110 409 2160 moenia
441 2109 525 2160 vel
559 2109 763 2159 Baccho
799 2108 1004 2158 Thebas
1035 2107 1121 2158 vel
1154 2107 1404 2171 Apolline
1440 2107 1672 2170 Delphos

334 2192 564 2256 insignes
599 2194 690 2240 aut
725 2190 976 2241 Thessala
1008 2190 1232 2253 Tempe3

201 2277 324 2323 sunt
353 2274 541 2337 quibus
562 2289 730 2322 unum
754 2289 883 2337 opus
905 2274 985 2322 est
1014 2272 1235 2322 intactae
1260 2270 1491 2320 Palladis
1514 2271 1693 2319 urbem

334 2355 562 2405 carmine
596 2357 847 2419 perpetuo
877 2354 1132 2405 celebrare
1166 2356 1220 2402 et

203 2439 428 2502 undique
465 2438 759 2500 decerptam
792 2437 957 2486 fronti
989 2452 1303 2502 praeponere
1341 2435 1534 2485 olivam
1559 2453 1570 2496 ;

335 2520 594 2582 plurimus
627 2519 686 2568 in
724 2519 949 2569 Iunonis
981 2519 1235 2568 honorem

199 2604 380 2664 aptum
415 2603 554 2651 dicet
587 2602 734 2665 equis
768 2603 940 2665 Argos
973 2601 1211 2665 ditesque
1244 2600 1519 2663 Mycenas:

334 2701 417 2732 me
451 2701 545 2733 nec
582 2685 692 2732 tam
730 2685 934 2746 patiens
968 2683 1325 2732 Lacedaemon

1671 2361 1696 2400 6
