1864 2982
254 175 327 227 40

671 170 930 212 HORATI
983 171 1346 214 CARMINUM
1433 201 1438 207 -

456 284 589 333 laeta
626 286 763 347 quod
799 287 963 348 pubes
999 287 1186 335 hedera
1222 288 1415 336 virenti

456 366 674 427 gaudeat
710 367 852 428 pulla
888 368 1056 431 magis
1091 371 1243 431 atque
1278 372 1466 432 myrto,

370 455 373 458 “
448 446 617 511 aridas
652 448 863 496 frondes
899 449 1088 497 hiemis
1123 451 1284 500 sodali

591 529 787 578 dedicet
823 530 1016 580 Hebro.
1056 538 1142 602 s*
1697 555 1748 583 20

950 607 1048 679 ss

897 709 1094 770 XXVI.

451 809 616 858 Musis
651 812 848 860 amicus
883 812 1152 862 tristitiam
1188 816 1240 862 et
1274 816 1446 863 metus

451 892 654 941 tradam
689 894 949 956 protervis
984 895 1043 943 in
1076 913 1219 944 mare
1255 897 1518 945 Oreticum

516 976 719 1036 portare
752 976 938 1037 ventis,
980 976 1098 1040 quis
1133 977 1230 1026 sub
1265 978 1427 1026 Arcto

586 1073 677 1104 rex
712 1056 910 1119 gelidae
947 1060 1212 1107 metuatur
1247 1076 1376 1122 orae,

450 1165 573 1227 quid
610 1165 876 1215 Tiridaten
910 1169 1110 1231 terreat,
1149 1169 1303 1217 unice
1717 1189 1739 1227 5

452 1262 672 1298 securus.
718 1265 747 1296 o
783 1266 912 1312 quae
946 1250 1180 1300 fontibus
1213 1250 1431 1315 integris

517 1330 720 1393 gaudes,
759 1331 958 1394 apricos
992 1335 1140 1381 necte
1174 1333 1341 1392 fiores,

582 1414 729 1461 necte
763 1430 878 1463 meo
913 1414 1122 1464 Lamiae
1156 1432 1410 1476 coronam,

450 1521 686 1583 Pimplea
723 1522 899 1573 dulcis.
976 1525 1053 1573 nil
1089 1525 1202 1574 sine
1237 1528 1286 1574 te
1322 1527 1427 1574 mei

446 1605 667 1664 prosunt
700 1604 958 1654 honores:
1005 1607 1146 1655 hunc
1181 1607 1374 1656 fidibus
1410 1608 1573 1667 novis,
1693 1628 1740 1656 10

514 1684 654 1733 hunc
691 1686 881 1735 Lesbio
917 1704 1116 1737 sacrare
1148 1688 1345 1751 plectro

582 1769 735 1832 teque
769 1771 988 1833 tuasque
1023 1770 1169 1820 decet
1205 1788 1421 1821 sorores.

875 1947 1101 1997 XXVII.

378 2048 528 2097 Natis
562 2049 619 2097 in
655 2066 811 2098 usum
847 2050 1073 2100 laetitiae
1108 2051 1320 2115 scyphis

376 2147 606 2193 pugnare
642 2131 902 2181 Thracum
939 2134 1049 2182 est:
1096 2133 1268 2182 tollite
1302 2135 1579 2183 barbarum

445 2228 643 2261 morem
678 2214 1133 2279 verecundumque
1167 2215 1432 2265 Bacchum

511 2296 810 2357 sanguineis
843 2297 1117 2359 prohibete
1151 2297 1296 2347 rixis.

375 2406 500 2454 vino
535 2407 587 2453 et
621 2405 849 2454 lucernis
883 2406 1067 2456 Medus
1100 2407 1333 2456 acinaces
1711 2428 1731 2466 5

374 2487 602 2535 immane
639 2490 892 2550 quantum
928 2489 1214 2552 discrepat:
1274 2489 1498 2584 impium

440 2569 600 2617 lenite
635 2569 928 2632 clamorem,
971 2571 1182 2634 sodales,

510 2653 560 2698 et
597 2651 772 2700 cubito
809 2654 1073 2701 lemanete
1107 2670 1298 2716 piesso.
