1864 2982
290 217 362 272 50
480 214 484 217 '
703 211 957 254 HORATI
1009 212 1370 256 CARMINUM

427 346 599 378 serves
632 330 831 377 iturum
867 330 1135 378 Gaesarem
1169 330 1226 378 in
1262 330 1479 378 ultimos

426 412 566 459 orbis
600 410 882 459 Britannos
915 413 968 459 et
1002 411 1254 460 iuvenum
1288 428 1465 460 recens
1725 433 1778 471 30

493 509 710 541 examen
744 492 869 540 Eois
902 492 1199 541 timendum

560 575 795 636 partibus
831 574 1133 637 Oceanoque
1169 576 1335 624 rubro.

427 691 571 751 eheu,
613 690 907 738 cicatricum
941 693 994 739 et
1030 691 1234 740 sceleris
1268 692 1428 754 pudet

423 774 758 836 fratrumque.
811 774 935 836 quid
971 791 1067 822 nos
1101 775 1229 823 dura
1264 775 1549 838 refugimus

491 857 627 921 aetas
643 857 670 904 ‘?
716 855 841 918 quid
875 857 1130 904 intactum
1163 856 1350 905 nefasti
1729 877 1776 916 35

559 937 853 1001 liquimus?
901 938 1037 987 unde
1073 954 1288 987 manum
1322 938 1565 987 iuventus

424 1058 569 1104 metu
606 1056 820 1104 deorum
854 1055 1158 1105 continuit?
1205 1056 1393 1118 quibus

425 1138 652 1201 pepercit
686 1138 790 1186 aris
808 1140 834 1187 ⁶?
885 1155 914 1186 o
949 1137 1150 1186 utinam
1185 1155 1319 1186 nova

493 1220 679 1268 incude
715 1219 955 1284 diffingas
990 1222 1263 1268 retunsum
1299 1219 1355 1267 in

559 1303 874 1364 Massagetas
909 1302 1211 1365 Arabasque
1246 1301 1454 1351 ferrum.
1731 1322 1782 1360 40

912 1514 1157 1564 XXXVI.

356 1625 425 1673 Et
446 1627 574 1673 'ture
612 1626 662 1673 et
698 1623 889 1673 fidibus
923 1624 1069 1674 iuvat

492 1707 691 1768 placare
724 1709 778 1755 et
812 1706 966 1755 vituli
1002 1705 1253 1770 sanguine
1290 1706 1464 1754 debito

358 1787 594 1836 custodes
630 1785 886 1835 'Numidae
921 1786 1055 1848 deos,

494 1870 584 1933 qui
619 1886 757 1918 nunc
793 1869 1048 1932 Hesperia
1082 1884 1258 1932 sospes
1293 1869 1357 1917 ab
1395 1869 1578 1916 ultima

358 1951 487 2000 caris
521 1952 691 2000 multa
724 1950 1001 2014 sodalibus,
1758 1970 1778 2007 5

493 2032 628 2080 nulli
661 2033 813 2095 plura
844 2034 1022 2082 tamen
1057 2031 1244 2081 dividit
1280 2032 1451 2080 oscula

358 2131 516 2178 quam
552 2115 691 2163 dulci
725 2115 947 2177 Lamiae,
984 2131 1187 2164 memor

493 2200 633 2246 actae
669 2213 775 2245 non
809 2197 909 2246 alio
945 2213 1065 2260 rege
1099 2196 1329 2260 puertiae

359 2280 689 2342 mutataeque
725 2278 884 2327 simul
920 2281 1079 2342 togae.

495 2361 674 2410 Cressa
707 2378 773 2409 ne
810 2363 976 2410 careat
1010 2361 1227 2424 pulchra
1262 2360 1369 2408 dies
1405 2362 1540 2420 nota,
1736 2379 1782 2406 10

359 2460 462 2491 neu
497 2444 767 2505 promptae
801 2443 988 2491 modus
1017 2441 1293 2505 amphorae

494 2542 597 2573 neu
631 2541 834 2573 morem
868 2525 926 2573 in
961 2524 1159 2573 Salium
1195 2523 1262 2573 sit
1298 2523 1500 2587 requies
1536 2523 1741 2586 pedum,

360 2625 461 2656 neu
498 2608 653 2655 multi
688 2606 919 2656 Damalis
954 2606 1085 2655 meri

497 2691 718 2739 Bassum
755 2689 988 2738 Threicia
1021 2689 1190 2737 vincat
1227 2689 1494 2750 amystide,
