1864 2982
2 177 13 206 1

3 209 24 266 *²
146 258 150 260 ,
513 206 714 249 Lmen
751 206 788 249 1.
889 205 1224 264 xvn1‚x1x
1548 212 1621 269 33

0 331 12 386 -ξ
115 327 172 374 at
203 323 391 389 nequis
423 322 616 373 modici
652 323 910 373 transiliat
943 340 1164 373 munera
1199 322 1389 385 Liberi,

0 391 17 400 ⁸
116 406 406 456 Centaurea
439 407 621 455 monet
655 422 776 454 cum
812 405 1051 469 Lapithis
1087 406 1198 454 rixa
1232 422 1388 469 super
1421 422 1566 455 mero

115 487 381 550 debellata,
418 489 601 536 monet
635 487 890 536 Sithoniis
924 504 1031 536 non
1066 487 1198 537 levis
1232 487 1450 547 Euhius,

116 585 238 619 cum
270 568 350 619 fas
384 570 538 634 atque
573 568 720 618 nefas
753 568 943 633 exiguo
977 569 1082 619 fine
1116 569 1398 619 libidinum
1575 590 1622 618 10

115 650 416 701 discernunt
446 650 602 701 avidi.
644 667 753 700 non
788 667 882 715 ego
917 654 983 714 te,
1025 651 1244 702 candide
1278 653 1548 714 Bassareu,

114 732 347 783 invitum
380 732 612 797 quatiam
648 750 742 782 nec
776 733 935 783 variis
972 733 1139 784 obsita
1173 734 1449 784 frondibus

113 815 213 866 sub
245 815 430 865 divum
464 815 678 879 rapiam.
720 832 874 865 saeva
906 818 1027 866 tene
1064 834 1185 866 cum
1220 817 1536 881 Berecyntio

6 912 18 982 2
115 914 276 947 cornu
306 899 572 962 tympana,
605 913 737 961 quae
770 898 1105 962 subsequitur
1140 915 1316 948 caecus
1344 900 1512 948 Amor
1540 900 1623 950 sui

6 996 20 1061 ς
113 982 167 1030 et
199 978 394 1029 tollens
426 994 653 1028 vacuum
687 978 808 1042 plus
842 979 1006 1029 nimio
1043 980 1221 1030 Gloria
1254 980 1503 1031 verticem
1572 1002 1619 1042 15

111 1060 389 1126 arcanique
424 1059 577 1110 Fides
609 1060 841 1125 prodiga.
886 1061 1203 1124 perlucidior
1236 1062 1386 1112 vitro,

791 1362 938 1412 XIX.

253 1473 422 1523 Mater
457 1489 611 1523 saeva
645 1472 965 1536 Cupidinum

384 1554 763 1620 Thebanaeque
799 1554 942 1604 iubet
982 1574 1065 1604 me
1104 1558 1335 1607 Semelae
1373 1576 1502 1622 puer

246 1640 300 1684 et
335 1637 529 1686 lasciva
562 1637 798 1687 Licentia

9 1708 28 1852 ι
385 1718 552 1768 finitis
584 1718 823 1770 animum
861 1721 1072 1769 reddere
1109 1722 1384 1772 amoribus,

249 1802 352 1850 urit
385 1817 472 1850 me
508 1801 756 1865 Glycerae
791 1803 933 1851 nitor
1595 1828 1614 1865 5

19 1891 34 1931 ί
383 1882 711 1946 splendentis
746 1884 901 1934 Pario
939 1902 1199 1935 marmore
1239 1888 1428 1950 puriuS‚

250 1965 356 2015 urit
388 1967 537 2029 grata
569 1966 884 2030 protervitas

382 2050 435 2097 et
469 2047 652 2098 vultus
687 2048 915 2098 nimium
953 2050 1185 2099 lubricus
1220 2052 1434 2115 adspici.

247 2130 305 2179 in
340 2145 426 2180 me
459 2132 571 2180 tota
604 2147 764 2180 ruens
799 2131 979 2181 Venus

381 2212 615 2277 Cyprum
650 2213 893 2277 deseruit,
932 2231 1026 2263 nec
1062 2216 1260 2279 patitur
1297 2218 1514 2281 Scythas
1568 2239 1615 2266 ιο

246 2294 299 2342 et
332 2292 500 2344 versis
533 2295 831 2344 animosum
866 2295 1015 2359 equis

381 2375 640 2428 Parthum
677 2378 846 2427 dicere
882 2394 975 2427 nec
1011 2396 1142 2443 quae
1179 2380 1312 2430 nihil
1349 2382 1588 2431 attinent.

246 2457 331 2507 hic
366 2458 550 2509 vivum
585 2459 718 2510 mihi
753 2461 1047 2524 caespitem,
1089 2462 1173 2511 hic

380 2540 642 2604 verbenas,
683 2543 843 2606 pueri,
885 2542 1061 2606 ponite
1097 2546 1312 2609 turaque

243 2621 375 2672 bimi
410 2639 530 2673 cum
566 2627 748 2688 patera
783 2626 943 2675 meri:
1565 2649 1609 2686 ¹5

379 2708 606 2756 mactata
641 2707 815 2757 veniet
850 2707 1017 2757 lenior
1052 2708 1234 2759 hostia.

170 2801 471 2831 Hom-002!
491 2802 518 2831 Ι.
844 2798 878 2831 D
