1864 2982
297 181 368 236 34

708 174 962 218 HORATI
1013 174 1378 219 CARMINUM

986 399 1104 452 XX.

498 497 617 547 Vile
651 496 855 560 potabis
890 497 1107 546 mo‘dicis
1141 498 1395 547 Sabinum

499 579 774 640 cantharis,
816 579 1008 628 Graeca
1043 581 1179 643 quod
1214 598 1309 645 ego
1342 580 1453 642 ipse
1489 582 1623 629 testa

498 662 766 711 conditum
799 661 919 723 levi,
959 661 1112 710 datus
1143 662 1202 711 in
1236 664 1438 711 theatro

633 760 755 792 cum
788 742 888 792 tibi
921 742 1151 807 plauSUS,

497 855 613 888 care
649 839 914 888 Maecenas
947 855 1117 902 equeS,
1158 842 1217 888 ut
1251 840 1453 902 paterni
1766 860 1788 899 5

497 920 732 969 fluminis
766 920 906 983 ripae
939 919 1099 969 simul
1132 922 1186 970 et
1219 922 1387 970 iocosa

498 1002 734 1052 redderet
766 1001 948 1051 laudes
980 1001 1079 1051 tibi
1112 1001 1354 1052 Vaticani

635 1084 831 1132 montis
864 1083 1050 1148 imago.

498 1179 792 1229 Caecubum
827 1181 879 1228 et
912 1180 1059 1243 prelo
1094 1180 1346 1229 domitam
1383 1181 1574 1230 Caleno

497 1264 555 1309 tu
589 1260 734 1309 bibes
766 1277 958 1310 uvam:
1005 1277 1122 1310 mea
1156 1277 1250 1310 nec
1285 1261 1530 1310 Falernae
1743 1282 1791 1310 10

500 1344 790 1406 temperant
823 1343 957 1391 vites
991 1359 1158 1406 neque
1193 1342 1458 1391 Formiani

632 1424 817 1487 pocula
851 1424 1018 1475 colles,

967 1602 1121 1652 XXI.

433 1706 655 1755 Dianam
691 1710 897 1756 tenerae
931 1705 1085 1755 dicite
1118 1705 1355 1770 virgineS,

432 1789 715 1849 intonsum,
755 1788 923 1851 pueri,
958 1787 1115 1837 dicite
1149 1788 1434 1852 Cynthium

498 1871 853 1933 Latonamque
889 1886 1133 1933 supremo

565 1952 806 2001 dilectam
841 1953 1052 2016 penitus
1088 1951 1218 2002 Iovi.

430 2078 523 2111 vos
558 2062 748 2112 laetam
782 2062 957 2112 fluviis
991 2065 1044 2112 et
1078 2078 1351 2112 nemorum
1389 2081 1548 2126 coma,
1765 2085 1786 2122 5

428 2161 777 2208 quaecumque
810 2147 901 2195 aut
933 2131 1102 2210 gelido
1135 2145 1394 2208 prominet
1434 2146 1630 2208 Algido,

498 2227 665 2291 nigris
698 2229 789 2276 aut
824 2227 1139 2291 Erymanthi

564 2309 711 2360 silvis
746 2312 837 2359 aut
871 2309 1057 2360 viridis
1092 2309 1259 2374 Gragi.

429 2437 523 2471 vos
556 2420 750 2484 Tempe
783 2419 1005 2470 totidem
1039 2420 1209 2471 tollite
1243 2420 1484 2470 laudibus

431 2502 770 2566 natalemque,
809 2520 998 2565 mares,
1034 2503 1200 2552 Delon
1235 2503 1498 2566 Apollinis

496 2586 857 2648 insignemque
891 2585 1135 2648 pharetra

564 2667 889 2730 fraternaque
926 2683 1164 2716 umerum
1200 2668 1324 2730 lyra.
