<?xml version="1.0" encoding="UTF-8"?>
<!DOCTYPE html PUBLIC "-//W3C//DTD XHTML 1.0 Transitional//EN"
    "http://www.w3.org/TR/xhtml1/DTD/xhtml1-transitional.dtd">
<html xmlns="http://www.w3.org/1999/xhtml" xml:lang="en" lang="en">
 <head>
  <title>
</title>
<meta http-equiv="Content-Type" content="text/html;charset=utf-8" />
  <meta name='ocr-system' content='tesseract 3.04.00' />
  <meta name='ocr-capabilities' content='ocr_page ocr_carea ocr_par ocr_line ocrx_word'/>
</head>
<body>
  <div class='ocr_page' id='page_1' title='image "./carminumliberi00horauoft_0040.png"; bbox 0 0 1864 2982; ppageno 0'>
   <div class='ocr_carea' id='block_1_1' title="bbox 223 171 1304 246">
    <p class='ocr_par' dir='ltr' id='par_1_1' title="bbox 223 171 1304 246">
     <span class='ocr_line' id='line_1_1' title="bbox 223 171 1304 246; baseline 0.001 -22"><span class='ocrx_word' id='word_1_1' title='bbox 223 171 294 225; x_wconf 86' lang='lat'>28</span> <span class='ocrx_word' id='word_1_2' title='bbox 413 244 416 246; x_wconf 84' lang='lat'>.</span> <span class='ocrx_word' id='word_1_3' title='bbox 635 182 892 226; x_wconf 88' lang='lat' dir='ltr'>HORATI</span> <span class='ocrx_word' id='word_1_4' title='bbox 943 183 1304 227; x_wconf 86' lang='lat' dir='ltr'><strong>CARMINUM</strong></span> 
     </span>
    </p>
   </div>
   <div class='ocr_carea' id='block_1_2' title="bbox 358 299 1712 607">
    <p class='ocr_par' dir='ltr' id='par_1_2' title="bbox 358 299 1354 362">
     <span class='ocr_line' id='line_1_2' title="bbox 358 299 1354 362; baseline 0 -15"><span class='ocrx_word' id='word_1_5' title='bbox 358 300 515 348; x_wconf 82' lang='lat' dir='ltr'>iactes</span> <span class='ocrx_word' id='word_1_6' title='bbox 552 302 604 348; x_wconf 86' lang='lat' dir='ltr'>et</span> <span class='ocrx_word' id='word_1_7' title='bbox 639 317 804 362; x_wconf 86' lang='lat' dir='ltr'>genus</span> <span class='ocrx_word' id='word_1_8' title='bbox 841 302 892 348; x_wconf 87' lang='lat' dir='ltr'>et</span> <span class='ocrx_word' id='word_1_9' title='bbox 927 316 1120 348; x_wconf 89' lang='lat' dir='ltr'>nomen</span> <span class='ocrx_word' id='word_1_10' title='bbox 1156 299 1354 360; x_wconf 81' lang='lat' dir='ltr'>inutile,</span> 
     </span>
    </p>

    <p class='ocr_par' dir='ltr' id='par_1_3' title="bbox 358 381 1712 607">
     <span class='ocr_line' id='line_1_3' title="bbox 358 381 1378 445; baseline 0.001 -17"><span class='ocrx_word' id='word_1_11' title='bbox 358 382 433 429; x_wconf 86' lang='lat' dir='ltr'>nil</span> <span class='ocrx_word' id='word_1_12' title='bbox 468 381 619 444; x_wconf 89' lang='lat' dir='ltr'>pictis</span> <span class='ocrx_word' id='word_1_13' title='bbox 654 382 870 430; x_wconf 87' lang='lat' dir='ltr'>timidus</span> <span class='ocrx_word' id='word_1_14' title='bbox 905 382 1082 432; x_wconf 86' lang='lat' dir='ltr'>navita</span> <span class='ocrx_word' id='word_1_15' title='bbox 1116 382 1378 445; x_wconf 80' lang='lat' dir='ltr'>puppibus</span> 
     </span>
     <span class='ocr_line' id='line_1_4' title="bbox 425 463 1712 532; baseline 0.002 -22"><span class='ocrx_word' id='word_1_16' title='bbox 425 463 552 511; x_wconf 87' lang='lat' dir='ltr'>fidit.</span> <span class='ocrx_word' id='word_1_17' title='bbox 623 466 683 511; x_wconf 87' lang='lat' dir='ltr'>tu</span> <span class='ocrx_word' id='word_1_18' title='bbox 719 463 822 511; x_wconf 91' lang='lat' dir='ltr'>nisi</span> <span class='ocrx_word' id='word_1_19' title='bbox 858 463 1033 532; x_wconf 80' lang='lat' dir='ltr'>ventis</span> <span class='ocrx_word' id='word_1_20' title='bbox 1664 479 1712 518; x_wconf 88' lang='lat'>15</span> 
     </span>
     <span class='ocr_line' id='line_1_5' title="bbox 442 540 1160 607; baseline -0.003 -13"><span class='ocrx_word' id='word_1_21' title='bbox 442 540 446 546; x_wconf 60' lang='grc'>’</span> <span class='ocrx_word' id='word_1_22' title='bbox 490 545 648 594; x_wconf 89' lang='lat' dir='ltr'>debes</span> <span class='ocrx_word' id='word_1_23' title='bbox 682 545 997 607; x_wconf 86' lang='lat' dir='ltr'>ludibrium,.</span> <span class='ocrx_word' id='word_1_24' title='bbox 1026 563 1160 596; x_wconf 79' lang='lat' dir='ltr'>cave.</span> 
     </span>
    </p>
   </div>
   <div class='ocr_carea' id='block_1_3' title="bbox 355 670 1454 980">
    <p class='ocr_par' dir='ltr' id='par_1_4' title="bbox 355 670 1454 980">
     <span class='ocr_line' id='line_1_6' title="bbox 358 670 1454 734; baseline 0 -16"><span class='ocrx_word' id='word_1_25' title='bbox 358 687 522 732; x_wconf 85' lang='lat' dir='ltr'>nuper</span> <span class='ocrx_word' id='word_1_26' title='bbox 557 670 840 719; x_wconf 89' lang='lat' dir='ltr'>sollicitum</span> <span class='ocrx_word' id='word_1_27' title='bbox 877 688 1004 734; x_wconf 86' lang='lat' dir='ltr'>quae</span> <span class='ocrx_word' id='word_1_28' title='bbox 1039 670 1176 719; x_wconf 90' lang='lat' dir='ltr'>mihi</span> <span class='ocrx_word' id='word_1_29' title='bbox 1208 670 1454 730; x_wconf 85' lang='lat' dir='ltr'>taedium,</span> 
     </span>
     <span class='ocr_line' id='line_1_7' title="bbox 355 751 1425 816; baseline 0 -16"><span class='ocrx_word' id='word_1_30' title='bbox 355 769 495 800; x_wconf 92' lang='lat' dir='ltr'>nunc</span> <span class='ocrx_word' id='word_1_31' title='bbox 531 752 846 801; x_wconf 88' lang='lat' dir='ltr'>desiderium</span> <span class='ocrx_word' id='word_1_32' title='bbox 882 769 1102 816; x_wconf 88' lang='lat' dir='ltr'>curaque</span> <span class='ocrx_word' id='word_1_33' title='bbox 1139 769 1247 802; x_wconf 91' lang='lat' dir='ltr'>non</span> <span class='ocrx_word' id='word_1_34' title='bbox 1281 751 1425 812; x_wconf 87' lang='lat' dir='ltr'>levis,</span> 
     </span>
     <span class='ocr_line' id='line_1_8' title="bbox 424 834 941 883; baseline 0.002 -2"><span class='ocrx_word' id='word_1_35' title='bbox 424 834 679 883; x_wconf 87' lang='lat' dir='ltr'>interfusa</span> <span class='ocrx_word' id='word_1_36' title='bbox 713 834 941 882; x_wconf 74' lang='lat' dir='ltr'>nitentes</span> 
     </span>
     <span class='ocr_line' id='line_1_9' title="bbox 490 916 1171 980; baseline 0.001 -15"><span class='ocrx_word' id='word_1_37' title='bbox 490 916 626 965; x_wconf 85' lang='lat' dir='ltr'>vites</span> <span class='ocrx_word' id='word_1_38' title='bbox 660 932 878 980; x_wconf 88' lang='lat' dir='ltr'>aequora</span> <span class='ocrx_word' id='word_1_39' title='bbox 913 916 1171 979; x_wconf 79' lang='lat' dir='ltr'>Cycladas.</span> 
     </span>
    </p>
   </div>
   <div class='ocr_carea' id='block_1_4' title="bbox 910 1209 1026 1257">
    <p class='ocr_par' dir='ltr' id='par_1_5' title="bbox 910 1209 1026 1257">
     <span class='ocr_line' id='line_1_10' title="bbox 910 1209 1026 1257; baseline -0.017 0"><span class='ocrx_word' id='word_1_40' title='bbox 910 1209 1026 1257; x_wconf 89' lang='lat' dir='ltr'>XV.</span> 
     </span>
    </p>
   </div>
   <div class='ocr_carea' id='block_1_5' title="bbox 290 1317 1448 1615">
    <p class='ocr_par' dir='ltr' id='par_1_6' title="bbox 290 1317 1448 1546">
     <span class='ocr_line' id='line_1_11' title="bbox 290 1317 1448 1382; baseline -0.001 -15"><span class='ocrx_word' id='word_1_41' title='bbox 290 1319 477 1367; x_wconf 90' lang='lat' dir='ltr'>Pastor</span> <span class='ocrx_word' id='word_1_42' title='bbox 513 1335 633 1367; x_wconf 90' lang='lat' dir='ltr'>cum</span> <span class='ocrx_word' id='word_1_43' title='bbox 670 1320 896 1368; x_wconf 85' lang='lat' dir='ltr'>traheret</span> <span class='ocrx_word' id='word_1_44' title='bbox 931 1335 1024 1382; x_wconf 91' lang='lat' dir='ltr'>per</span> <span class='ocrx_word' id='word_1_45' title='bbox 1058 1319 1189 1367; x_wconf 84' lang='lat' dir='ltr'>freta</span> <span class='ocrx_word' id='word_1_46' title='bbox 1225 1317 1448 1367; x_wconf 85' lang='lat' dir='ltr'>navibus</span> 
     </span>
     <span class='ocr_line' id='line_1_12' title="bbox 291 1401 1312 1464; baseline 0 -15"><span class='ocrx_word' id='word_1_47' title='bbox 291 1401 463 1450; x_wconf 81' lang='lat' dir='ltr'>Idaeis</span> <span class='ocrx_word' id='word_1_48' title='bbox 498 1401 738 1450; x_wconf 87' lang='lat' dir='ltr'>Helenen</span> <span class='ocrx_word' id='word_1_49' title='bbox 774 1401 1003 1464; x_wconf 90' lang='lat' dir='ltr'>perfidus</span> <span class='ocrx_word' id='word_1_50' title='bbox 1038 1401 1312 1464; x_wconf 80' lang='lat' dir='ltr'>hospitam,</span> 
     </span>
     <span class='ocr_line' id='line_1_13' title="bbox 291 1481 1066 1546; baseline -0.001 -15"><span class='ocrx_word' id='word_1_51' title='bbox 291 1482 494 1546; x_wconf 88' lang='lat' dir='ltr'>ingrato</span> <span class='ocrx_word' id='word_1_52' title='bbox 531 1483 719 1531; x_wconf 81' lang='lat' dir='ltr'>celeres</span> <span class='ocrx_word' id='word_1_53' title='bbox 754 1482 926 1531; x_wconf 88' lang='lat' dir='ltr'>obruit</span> <span class='ocrx_word' id='word_1_54' title='bbox 962 1481 1066 1531; x_wconf 91' lang='lat' dir='ltr'>otio</span> 
     </span>
    </p>

    <p class='ocr_par' dir='ltr' id='par_1_7' title="bbox 423 1564 1090 1615">
     <span class='ocr_line' id='line_1_14' title="bbox 423 1564 1090 1615; baseline -0.001 0"><span class='ocrx_word' id='word_1_55' title='bbox 423 1567 610 1615; x_wconf 81' lang='lat' dir='ltr'>ventos</span> <span class='ocrx_word' id='word_1_56' title='bbox 645 1567 704 1614; x_wconf 91' lang='lat' dir='ltr'>ut</span> <span class='ocrx_word' id='word_1_57' title='bbox 739 1566 947 1614; x_wconf 75' lang='lat' dir='ltr'>caneret</span> <span class='ocrx_word' id='word_1_58' title='bbox 981 1564 1090 1614; x_wconf 87' lang='lat' dir='ltr'>fera</span> 
     </span>
    </p>
   </div>
   <div class='ocr_carea' id='block_1_6' title="bbox 291 1687 1716 2000">
    <p class='ocr_par' dir='ltr' id='par_1_8' title="bbox 291 1687 1716 1916">
     <span class='ocr_line' id='line_1_15' title="bbox 292 1687 1716 1747; baseline -0.003 -8"><span class='ocrx_word' id='word_1_59' title='bbox 292 1690 339 1739; x_wconf 91' lang='lat' dir='ltr'>N</span> <span class='ocrx_word' id='word_1_60' title='bbox 342 1696 490 1738; x_wconf 83' lang='lat' dir='ltr'>e&#39;reus</span> <span class='ocrx_word' id='word_1_61' title='bbox 523 1690 662 1739; x_wconf 87' lang='lat' dir='ltr'>fata:</span> <span class='ocrx_word' id='word_1_62' title='bbox 713 1690 725 1713; x_wconf 86' lang='lat'>‘</span> <span class='ocrx_word' id='word_1_63' title='bbox 743 1689 881 1738; x_wconf 86' lang='lat' dir='ltr'>mala</span> <span class='ocrx_word' id='word_1_64' title='bbox 916 1688 1061 1738; x_wconf 82' lang='lat' dir='ltr'>ducis</span> <span class='ocrx_word' id='word_1_65' title='bbox 1093 1687 1180 1738; x_wconf 82' lang='lat' dir='ltr'>avi</span> <span class='ocrx_word' id='word_1_66' title='bbox 1215 1687 1443 1747; x_wconf 88' lang='lat' dir='ltr'>domum,</span> <span class='ocrx_word' id='word_1_67' title='bbox 1695 1703 1716 1742; x_wconf 78' lang='lat'>5</span> 
     </span>
     <span class='ocr_line' id='line_1_16' title="bbox 292 1769 1346 1836; baseline -0.002 -15"><span class='ocrx_word' id='word_1_68' title='bbox 292 1788 451 1836; x_wconf 89' lang='lat' dir='ltr'>quam</span> <span class='ocrx_word' id='word_1_69' title='bbox 484 1771 653 1820; x_wconf 84' lang='lat' dir='ltr'>multo</span> <span class='ocrx_word' id='word_1_70' title='bbox 687 1772 884 1834; x_wconf 85' lang='lat' dir='ltr'>repetet</span> <span class='ocrx_word' id='word_1_71' title='bbox 921 1769 1132 1820; x_wconf 79' lang='lat' dir='ltr'>Graecia</span> <span class='ocrx_word' id='word_1_72' title='bbox 1165 1769 1346 1830; x_wconf 80' lang='lat' dir='ltr'>milite,</span> 
     </span>
     <span class='ocr_line' id='line_1_17' title="bbox 291 1851 1231 1916; baseline -0.002 -13"><span class='ocrx_word' id='word_1_73' title='bbox 291 1854 557 1903; x_wconf 87' lang='lat' dir='ltr'>coniurata</span> <span class='ocrx_word' id='word_1_74' title='bbox 591 1856 708 1902; x_wconf 89' lang='lat' dir='ltr'>tuas</span> <span class='ocrx_word' id='word_1_75' title='bbox 743 1869 985 1916; x_wconf 89' lang='lat' dir='ltr'>rumpere</span> <span class='ocrx_word' id='word_1_76' title='bbox 1019 1851 1231 1916; x_wconf 83' lang='lat' dir='ltr'>nuptias</span> 
     </span>
    </p>

    <p class='ocr_par' dir='ltr' id='par_1_9' title="bbox 427 1934 1170 2000">
     <span class='ocr_line' id='line_1_18' title="bbox 427 1934 1170 2000; baseline -0.001 -16"><span class='ocrx_word' id='word_1_77' title='bbox 427 1938 482 1984; x_wconf 90' lang='lat' dir='ltr'>et</span> <span class='ocrx_word' id='word_1_78' title='bbox 515 1952 735 2000; x_wconf 87' lang='lat' dir='ltr'>regnum</span> <span class='ocrx_word' id='word_1_79' title='bbox 769 1934 971 1985; x_wconf 85' lang='lat' dir='ltr'>Priami</span> <span class='ocrx_word' id='word_1_80' title='bbox 1002 1937 1170 1984; x_wconf 82' lang='lat' dir='ltr'>vetus.</span> 
     </span>
    </p>
   </div>
   <div class='ocr_carea' id='block_1_7' title="bbox 293 2055 1721 2369">
    <p class='ocr_par' dir='ltr' id='par_1_10' title="bbox 293 2055 1721 2288">
     <span class='ocr_line' id='line_1_19' title="bbox 293 2055 1625 2124; baseline -0.006 -14"><span class='ocrx_word' id='word_1_81' title='bbox 293 2063 395 2110; x_wconf 92' lang='lat' dir='ltr'>heu</span> <span class='ocrx_word' id='word_1_82' title='bbox 430 2061 547 2122; x_wconf 90' lang='lat' dir='ltr'>heu,</span> <span class='ocrx_word' id='word_1_83' title='bbox 589 2062 816 2124; x_wconf 88' lang='lat' dir='ltr'>quantus</span> <span class='ocrx_word' id='word_1_84' title='bbox 850 2059 1011 2124; x_wconf 90' lang='lat' dir='ltr'>equis,</span> <span class='ocrx_word' id='word_1_85' title='bbox 1053 2060 1280 2122; x_wconf 83' lang='lat' dir='ltr'>quantus</span> <span class='ocrx_word' id='word_1_86' title='bbox 1315 2057 1462 2107; x_wconf 86' lang='lat' dir='ltr'>adest</span> <span class='ocrx_word' id='word_1_87' title='bbox 1498 2055 1625 2104; x_wconf 87' lang='lat' dir='ltr'>viris</span> 
     </span>
     <span class='ocr_line' id='line_1_20' title="bbox 295 2139 1721 2206; baseline -0.008 -13"><span class='ocrx_word' id='word_1_88' title='bbox 295 2144 482 2193; x_wconf 83' lang='lat' dir='ltr'>sudor!</span> <span class='ocrx_word' id='word_1_89' title='bbox 529 2144 724 2206; x_wconf 88' lang='lat' dir='ltr'>quanta</span> <span class='ocrx_word' id='word_1_90' title='bbox 757 2158 939 2191; x_wconf 89' lang='lat' dir='ltr'>moves</span> <span class='ocrx_word' id='word_1_91' title='bbox 973 2141 1160 2190; x_wconf 81' lang='lat' dir='ltr'>funera</span> <span class='ocrx_word' id='word_1_92' title='bbox 1193 2139 1460 2190; x_wconf 87' lang='lat' dir='ltr'>Dardanae</span> <span class='ocrx_word' id='word_1_93' title='bbox 1673 2156 1721 2182; x_wconf 92' lang='lat'>10</span> 
     </span>
     <span class='ocr_line' id='line_1_21' title="bbox 295 2221 1365 2288; baseline -0.003 -15"><span class='ocrx_word' id='word_1_94' title='bbox 295 2225 473 2288; x_wconf 82' lang='lat' dir='ltr'>genti!</span> <span class='ocrx_word' id='word_1_95' title='bbox 519 2224 624 2273; x_wconf 90' lang='lat' dir='ltr'>iam</span> <span class='ocrx_word' id='word_1_96' title='bbox 656 2224 858 2287; x_wconf 88' lang='lat' dir='ltr'>galeam</span> <span class='ocrx_word' id='word_1_97' title='bbox 893 2223 1068 2273; x_wconf 85' lang='lat' dir='ltr'>Pallas</span> <span class='ocrx_word' id='word_1_98' title='bbox 1100 2223 1154 2272; x_wconf 81' lang='lat' dir='ltr'>et</span> <span class='ocrx_word' id='word_1_99' title='bbox 1187 2221 1365 2286; x_wconf 86' lang='lat' dir='ltr'>aegida</span> 
     </span>
    </p>

    <p class='ocr_par' dir='ltr' id='par_1_11' title="bbox 430 2304 1232 2369">
     <span class='ocr_line' id='line_1_22' title="bbox 430 2304 1232 2369; baseline 0.001 -15"><span class='ocrx_word' id='word_1_100' title='bbox 430 2322 711 2369; x_wconf 89' lang='lat' dir='ltr'>currusque</span> <span class='ocrx_word' id='word_1_101' title='bbox 748 2308 801 2354; x_wconf 86' lang='lat' dir='ltr'>et</span> <span class='ocrx_word' id='word_1_102' title='bbox 836 2304 1035 2355; x_wconf 87' lang='lat' dir='ltr'>rabiem</span> <span class='ocrx_word' id='word_1_103' title='bbox 1071 2307 1232 2368; x_wconf 87' lang='lat' dir='ltr'>parat.</span> 
     </span>
    </p>
   </div>
   <div class='ocr_carea' id='block_1_8' title="bbox 295 2428 1719 2739">
    <p class='ocr_par' dir='ltr' id='par_1_12' title="bbox 295 2428 1337 2495">
     <span class='ocr_line' id='line_1_23' title="bbox 295 2428 1337 2495; baseline -0.005 -15"><span class='ocrx_word' id='word_1_104' title='bbox 295 2432 609 2495; x_wconf 88' lang='lat' dir='ltr'>nequiquam</span> <span class='ocrx_word' id='word_1_105' title='bbox 646 2431 866 2479; x_wconf 89' lang='lat' dir='ltr'>Veneris</span> <span class='ocrx_word' id='word_1_106' title='bbox 902 2429 1158 2494; x_wconf 83' lang='lat' dir='ltr'>praesidio</span> <span class='ocrx_word' id='word_1_107' title='bbox 1194 2428 1337 2476; x_wconf 85' lang='lat' dir='ltr'>ferox</span> 
     </span>
    </p>

    <p class='ocr_par' dir='ltr' id='par_1_13' title="bbox 298 2510 1305 2583">
     <span class='ocr_line' id='line_1_24' title="bbox 298 2510 1305 2583; baseline -0.005 -21"><span class='ocrx_word' id='word_1_108' title='bbox 298 2515 466 2576; x_wconf 84' lang='lat' dir='ltr'>pectes</span> <span class='ocrx_word' id='word_1_109' title='bbox 501 2512 778 2561; x_wconf 86' lang='lat' dir='ltr'>caesariem</span> <span class='ocrx_word' id='word_1_110' title='bbox 814 2515 1058 2576; x_wconf 88' lang='lat' dir='ltr'>grataque</span> <span class='ocrx_word' id='word_1_111' title='bbox 1092 2510 1305 2583; x_wconf 85' lang='lat' dir='ltr'>feminis</span> 
     </span>
    </p>

    <p class='ocr_par' dir='ltr' id='par_1_14' title="bbox 296 2592 1719 2739">
     <span class='ocr_line' id='line_1_25' title="bbox 296 2592 1719 2651; baseline -0.004 -11"><span class='ocrx_word' id='word_1_112' title='bbox 296 2594 497 2643; x_wconf 88' lang='lat' dir='ltr'>imbelli</span> <span class='ocrx_word' id='word_1_113' title='bbox 531 2594 730 2643; x_wconf 88' lang='lat' dir='ltr'>cithara</span> <span class='ocrx_word' id='word_1_114' title='bbox 765 2594 990 2644; x_wconf 82' lang='lat' dir='ltr'>carmina</span> <span class='ocrx_word' id='word_1_115' title='bbox 1027 2592 1260 2651; x_wconf 84' lang='lat' dir='ltr'>divides;</span> <span class='ocrx_word' id='word_1_116' title='bbox 1674 2607 1719 2646; x_wconf 90' lang='lat'>15</span> 
     </span>
     <span class='ocr_line' id='line_1_26' title="bbox 433 2676 1233 2739; baseline -0.004 -15"><span class='ocrx_word' id='word_1_117' title='bbox 433 2677 745 2739; x_wconf 88' lang='lat' dir='ltr'>nequiquam</span> <span class='ocrx_word' id='word_1_118' title='bbox 782 2676 1012 2725; x_wconf 88' lang='lat' dir='ltr'>thalamo</span> <span class='ocrx_word' id='word_1_119' title='bbox 1049 2691 1233 2737; x_wconf 87' lang='lat' dir='ltr'>graves</span> 
     </span>
    </p>
   </div>
  </div>
 </body>
</html>
