1864 2982
471 169 672 213 LIBER
707 170 745 214 1.
846 170 1276 213 XXVI—XXVIII
1554 176 1619 231 41

258 285 425 335 vultis
458 285 627 335 severi
660 303 745 335 me
782 303 985 350 quoque
1021 304 1226 336 sumere

259 369 462 430 partem
491 368 742 417 Falerni?
783 368 922 418 dicat
958 369 1217 432 Opuntiae

277 519 290 530 ο
326 449 486 498 frater
518 449 779 513 Megillae,
815 467 916 514 quo
952 451 1135 500 beatus

394 531 622 591 vulnere,
663 549 765 595 qua
801 535 975 594 pereat
1012 533 1216 597 sagitta.

256 672 424 719 cessat
457 670 702 720 voluntas
720 673 747 720 ‘z‘
794 688 900 720 non
934 671 1036 721 alia
1073 672 1249 721 bibam

256 752 510 801 mercede.
557 769 689 816 quae
723 756 775 803 te
811 771 1034 817 cumque
1070 754 1248 803 domat
1285 753 1479 817 VenuS,

322 850 430 885 non
463 835 830 885 erubescendis
864 836 1040 885 adurit
1571 855 1619 894 15

386 916 597 979 ignibus
630 917 959 982 ingenuoque
994 934 1223 982 semperg

250 1071 428 1105 amore
460 1050 654 1120 peccas.
707 1057 954 1121 quicquid
990 1056 1163 1120 habea,
1202 1073 1296 1120 age

252 1136 451 1202 depone
487 1139 618 1188 tutis
651 1139 878 1190 auribus,
930 1140 999 1189 ah
1033 1139 1208 1202 miser,

319 1223 515 1284 quanta
548 1221 818 1271 laborabas
854 1221 1131 1286 Charybdi,

386 1302 544 1366 digne
578 1320 707 1367 puer
740 1304 955 1354 meliore
990 1304 1238 1354 flamma!
1573 1325 1623 1354 20

250 1458 382 1505 quae
415 1458 552 1507 saga,
594 1443 710 1507 quis
743 1446 796 1492 te
829 1444 1028 1492 solvere
1064 1443 1327 1493 Thessalis

249 1540 435 1589 magus
467 1525 700 1589 veneniS,
738 1526 858 1589 quis
890 1526 1083 1589 poterit
1119 1525 1291 1576 deus?

316 1607 406 1655 vix
441 1605 722 1671 inligatum
758 1610 810 1657 tc
844 1607 1074 1657 triformi

383 1675 614 1752 Pegasus
646 1689 887 1753 expediet
924 1689 1216 1740 Chimaera.

725 1965 983 2041 xxvm.

110 2081 183 2130 Te
218 2082 381 2132 maris
414 2085 469 2132 et
502 2085 670 2133 terrae
708 2100 1027 2148 numeroque
1066 2085 1289 2135 carentis
1324 2085 1547 2136 harenae

245 2179 542 2214 mensorem
580 2165 840 2226 cohibent,
880 2165 1131 2231 Archyta,

109 2242 336 2307 pulveris
369 2246 544 2311 exigui
578 2263 737 2311 prope
773 2247 901 2297 litus
935 2264 1093 2311 parva
1128 2249 1388 2299 Matinum

242 2343 475 2391 munera,
514 2344 610 2378 nec
646 2330 924 2393 quicquam
960 2330 1057 2379 tibi
1091 2331 1303 2394 prodest

107 2408 273 2459 aerias
305 2411 588 2474 temptasse
623 2411 807 2461 domos
842 2411 1122 2476 animoque
1159 2414 1445 2463 rotundum
1586 2436 1607 2475 5

242 2492 556 2555 percurrisse
590 2493 771 2556 polum
807 2494 1079 2545 moritum.

108 2571 295 2622 occidit
327 2575 381 2623 et
414 2573 628 2637 Pelopis
661 2575 879 2639 genitor,
920 2576 1139 2626 conviva
1173 2577 1403 2639 deorum,

241 2654 598 2719 Tithonusque
636 2660 869 2707 remotus
905 2657 961 2706 in
997 2673 1150 2708 auras
