1864 2982
541 186 742 229 LIBER
779 185 817 230 1.
917 186 1104 243 xxm,
1135 187 1301 229 XXIV
1596 193 1666 247 37

369 319 505 366 pone
537 301 635 352 sub
670 319 824 352 curru
861 303 1087 352 nimium
1122 302 1401 367 propinqui

369 385 497 433 solis
529 385 587 434 in
620 387 757 434 berra
791 386 1036 434 domibus
1072 388 1289 449 negata:

367 466 518 515 dulce
551 466 810 515 ridentem
845 466 1072 530 Lalagen
1106 467 1306 528 amabe,

502 548 653 598 dulce
687 549 1001 612 loquentem.

806 726 1015 777 XXIII.

363 830 515 881 Vitas
547 830 801 880 hinnuleo
836 848 923 879 me
959 830 1165 890 similis,
1206 830 1379 891 Chloe,

364 913 630 977 quaerenti
662 913 908 976 pavidam
940 913 1212 983 montibus
1245 911 1379 962 aviis

432 998 655 1044 matrem
690 1012 799 1044 non
834 995 948 1044 sine
982 1012 1117 1044 vano

498 1094 745 1126 aurarum
781 1080 834 1126 et
871 1078 1036 1127 siluae
1070 1079 1233 1126 metu.

362 1204 486 1237 nam
522 1205 615 1237 seu
650 1188 936 1237 mobilibus
970 1189 1109 1238 veris
1144 1187 1407 1257 inhorruit
1636 1208 1660 1247 5

359 1271 617 1320 adventus
650 1270 804 1332 foliis,
846 1288 939 1320 seu
973 1271 1166 1320 virides
1201 1271 1391 1319 rubum

430 1352 695 1402 dimovere
729 1352 964 1414 lacertae,

498 1439 551 1484 et
586 1435 736 1484 eorde
772 1438 826 1484 eb
860 1435 1081 1499 genibus
1114 1436 1307 1485 tremit.

359 1546 508 1610 atqui
541 1562 649 1595 non
685 1563 779 1609 ego
814 1548 867 1595 te
900 1546 1055 1609 tigris
1091 1548 1150 1595 ut
1184 1563 1363 1609 aspera

362 1628 680 1678 Gaetulusve
713 1628 795 1676 leo
831 1629 1067 1691 frangere
1100 1644 1413 1692 persequor:
1610 1648 1661 1676 10

429 1710 643 1760 tandem
678 1710 857 1759 desine
892 1714 1114 1759 matrem

493 1792 804 1855 tempestiva
839 1793 985 1856 sequi
1019 1793 1142 1842 viro.

807 1975 1004 2024 XXIV.

360 2077 488 2140 Quis
522 2078 778 2127 daeiderio
814 2079 883 2127 sit
917 2078 1085 2141 pudor
1118 2080 1210 2127 aut
1243 2079 1430 2127 modus

360 2162 469 2209 tam
504 2160 608 2209 cari
644 2160 870 2223 capitis?
915 2160 1145 2224 praecipe
1180 2160 1427 2223 lugubres

357 2245 555 2304 cantus,
591 2242 930 2307 Melpomene,
969 2242 1053 2291 cui
1086 2242 1339 2305 liquidam
1375 2245 1520 2305 pater

491 2341 675 2374 vocem
711 2342 830 2373 eum
866 2324 1063 2373 cithara
1099 2323 1256 2373 dedit.

358 2450 481 2499 ergo
517 2435 830 2497 Quintilium
861 2437 1141 2498 perpetuus
1178 2451 1331 2498 sopor
1629 2454 1650 2492 5

358 2518 549 2581 urget?
593 2517 676 2566 cui
713 2517 892 2566 Pudor
925 2520 978 2566 et
1013 2516 1251 2567 Iustitiae
1287 2534 1444 2577 soror,

357 2598 654 2664 incorrupta
691 2600 856 2658 Fides,
900 2599 1139 2663 nudaque
1175 2600 1383 2650 Veritas

492 2682 698 2746 quando
737 2683 907 2731 ullum
942 2682 1175 2732 inveniet
1209 2699 1386 2747 parem
1406 2685 1432 2732 ‘2
