1864 2982
531 212 537 217 .
585 179 784 223 LIBER
822 179 859 224 1.
966 180 1057 239 111,
1094 179 1161 224 1v
1565 188 1631 243 15

197 296 290 358 qui
324 295 461 344 vidit
495 312 639 345 mare
674 296 942 345 turbidum
977 299 1031 346 et

330 376 552 426 infames
586 378 827 441 scopulos
859 378 1242 428 Acroceraunia
1257 382 1284 428 ‘?

195 458 514 523 nequiquam
550 460 679 509 deus
715 460 936 509 abscidit

330 541 559 603 prudens
593 542 796 592 Oceano
831 541 1146 592 dissociabili

195 625 371 684 terras,
411 622 457 671 si
489 624 667 673 tamen
702 624 893 687 impiae

328 722 435 755 non
467 707 726 769 tangenda
758 709 894 756 rates
930 707 1235 757 transiliunt
1269 708 1412 757 vada.

190 787 360 838 audax
393 788 569 838 omnia
601 788 801 852 perpeti

326 886 458 934 gens
490 870 723 921 humana
757 872 864 920 ruit
899 889 995 935 per
1030 872 1255 922 vetitum
1293 873 1439 922 nefas
1464 890 1474 920 :

190 953 361 1002 audax
395 952 565 1017 Iapeti
600 970 766 1018 genus

326 1034 505 1100 ignem
539 1036 718 1087 fraude
753 1037 895 1086 mala
928 1037 1174 1100 gentibus
1207 1037 1423 1098 intulit-3

191 1120 310 1181 post
344 1117 522 1182 ignem
557 1119 788 1169 aetheria
823 1119 981 1168 domo

326 1197 643 1248 subductum
677 1198 867 1248 macies
901 1200 955 1247 et
990 1215 1125 1249 nova
1159 1199 1383 1249 febrium
1579 1218 1628 1255 30

192 1279 344 1329 terris
378 1279 619 1330 incubuit
651 1281 850 1341 cohors,

326 1362 618 1427 semotique
654 1363 801 1427 prius
836 1364 986 1413 tarda
1021 1363 1297 1414 necessitas

191 1444 283 1494 leti
317 1445 568 1509 corripuit
601 1446 836 1511 gradum.

325 1530 573 1591 expertus
603 1545 829 1578 vacuum
865 1528 1123 1579 Daedalus
1157 1545 1275 1578 aera

188 1608 370 1672 pinnis
402 1626 511 1659 non
546 1610 749 1660 homini
783 1611 950 1672 datis;
1577 1631 1624 1670 35

325 1692 563 1757 perrupit
597 1692 895 1743 Acheronta
931 1693 1224 1744 Herculeus
1259 1693 1417 1743 labor.

190 1773 269 1824 nil
303 1774 614 1825 mortalibus
650 1775 800 1825 ardui
833 1778 945 1825 est:

325 1857 530 1907 caelum
564 1857 740 1922 ipsum
775 1858 1008 1922 petimus
1043 1858 1281 1920 stultitia,
1322 1875 1489 1923 neque

187 1955 282 2003 per
314 1942 554 1990 nostrum
589 1940 822 2004 patimur
856 1941 1025 1990 scelus

323 2022 567 2075 iracunda
599 2023 783 2074 Iovem
818 2040 1010 2088 ponere
1044 2024 1282 2074 fulmina.
1573 2046 1626 2084 40

827 2172 918 2220 IV.

121 2272 357 2323 Solvitur
388 2273 523 2324 acris
555 2273 726 2325 hiems
759 2277 910 2340 grata
945 2275 1055 2325 vice
1091 2276 1231 2325 veris
1265 2277 1318 2325 et
1355 2275 1566 2337 Favoni,

254 2355 576 2422 trahuntque
610 2357 773 2408 siccas
807 2358 1080 2408 machinae
1117 2358 1332 2420 carinas,
1391 2354 1396 2359 ’

119 2454 179 2488 ac
207 2454 375 2504 neque
405 2438 510 2489 iam
538 2439 756 2489 stabulis
781 2441 971 2504 gaudet
997 2457 1154 2504 pecus
1183 2443 1275 2490 aut
1304 2442 1474 2489 arator
1495 2439 1618 2503 igni,

254 2536 349 2571 nec
382 2523 531 2585 prata
563 2522 707 2572 canis
739 2523 965 2574 albicant
997 2521 1214 2587 pruinis,

120 2600 224 2652 iam
241 2602 496 2667 Cytherea
509 2604 696 2655 choros
719 2605 863 2655 ducit
886 2605 1068 2655 Venus
1097 2604 1407 2655 imminente
1427 2604 1566 2663 luna,
1599 2624 1619 2660 ,ς

254 2684 563 2751 iunctaeque
600 2687 863 2751 Nymphis
900 2688 1106 2738 Gratiae
1144 2687 1384 2737 decentes
