1864 2982
466 181 667 226 mal-:R
701 181 742 225 1.
848 182 1030 238 xxm,
1065 181 1255 224 xxxn
1542 189 1613 245 45

316 300 558 362 premant
587 295 781 349 Calena
813 298 944 348 falce
978 299 1169 363 quibus
1203 299 1346 348 dedit

318 382 548 431 Fortuna
578 381 758 442 vitem,
799 381 945 429 dives
978 383 1030 430 et
1064 381 1236 430 aureis
1567 399 1616 427 10

384 463 643 512 mercator
676 461 897 511 exsiccet
931 462 1141 511 culullis

453 544 579 594 vina
613 543 748 607 Syra
781 545 1017 606 reparata
1050 559 1236 605 merce,

318 677 403 727 dis
434 691 584 726 carus
617 675 760 738 ipsis,
799 675 991 739 quippe
1026 678 1108 724 ter
1142 678 1196 725 et
1230 678 1415 740 quater

317 775 458 808 anno
492 758 728 807 revisens
761 774 953 821 aequor
985 758 1317 807 Atlanticum

386 841 636 904 impune:
682 856 769 889 me
803 842 1025 903 pascunt
1058 841 1246 902 olivae,

454 939 542 972 me
576 921 813 972 cichorea
847 922 1092 986 levesque
1128 923 1343 973 malvae.

317 1047 425 1098 frui
456 1048 652 1112 paratis
685 1049 738 1097 et
771 1047 944 1097 valido
978 1048 1126 1111 mihi,

318 1131 493 1190 lateo,
533 1129 694 1179 dones
726 1132 795 1191 et,
835 1146 1027 1193 precor,
1069 1130 1274 1194 integra

387 1229 508 1262 cum
542 1214 721 1261 mente
755 1229 849 1260 nec
885 1213 1093 1276 turpem
1130 1214 1391 1261 senectam

454 1294 638 1358 degere
674 1310 767 1343 nec
803 1294 1000 1343 cithara
1035 1297 1313 1344 carentem.
1571 1315 1619 1343 ιο

750 1564 982 1614 XXXII.

251 1682 545 1733 Poscimur.
597 1682 645 1732 si
680 1682 806 1747 quid
841 1683 994 1732 vacui
1028 1683 1126 1732 sub
1163 1683 1349 1732 umbra

250 1763 476 1815 lusimus
509 1767 697 1824 tecum,
740 1766 876 1828 quod
911 1768 965 1814 et
1000 1765 1139 1814 hunc
1175 1765 1230 1813 in
1265 1782 1463 1814 annum

250 1846 395 1897 vivat
429 1849 483 1896 et
516 1846 707 1911 plureS,
748 1864 842 1910 age
876 1847 961 1896 dic
998 1846 1261 1909 Latinum,

386 1929 599 1990 barbito,
641 1946 864 1991 carmen,

252 2053 440 2104 Lesbio
475 2052 707 2117 primum
744 2053 1011 2103 modulate
1046 2053 1163 2115 civi,
1596 2073 1615 2111 5

251 2136 342 2200 qui
376 2136 521 2187 ferox
555 2135 693 2186 bello
727 2138 905 2186 tamen
943 2136 1083 2185 inter
1117 2153 1274 2197 arma,

253 2218 362 2269 sive
395 2219 636 2269 iactatam
672 2218 913 2282 religarat
950 2218 1053 2267 udo

387 2300 540 2351 litore
574 2316 779 2363 navem,

254 2426 501 2476 Liberum
537 2428 590 2476 et
623 2426 801 2476 Musas
835 2425 1195 2490 Veneremque
1230 2428 1284 2475 et
1319 2426 1397 2475 illi

253 2523 459 2573 semper
492 2507 795 2560 haerentem
831 2525 1050 2572 puerum
1087 2509 1302 2558 canebat
1574 2528 1619 2555 ιο

251 2593 303 2640 et
340 2590 538 2655 Lycum
573 2591 739 2655 nigris
772 2591 937 2640 oculis
973 2591 1222 2655 nigroque

390 2673 531 2723 crine
566 2674 822 2723 decorum.
