1864 2982
461 215 661 259 LIBER
714 215 751 260 1.
833 216 1061 274 XXXVI,
1103 217 1337 261 XXXVII

348 347 452 382 neu
486 330 659 382 desint
691 333 862 396 epulis
894 349 1040 383 rosae

481 430 584 463 neu
617 415 774 464 vivax
806 415 985 478 apium
1021 432 1123 465 neu
1159 416 1314 465 breve
1349 415 1536 466 lilium.

346 511 530 546 omnes
560 495 619 545 in
653 496 897 546 Damalin
930 499 1112 560 putres

481 577 743 640 deponent
776 580 966 640 oculos,‚
1006 596 1100 629 neo
1136 579 1370 630 Damalis
1404 596 1539 629 novo

344 658 625 709 divelletur
657 661 906 723 adultero,

476 741 682 792 lascivis
712 742 920 793 hederis
953 745 1290 795 ambitiosior.

748 937 1032 988 XXXVII.

340 1030 494 1081 Nune
525 1034 606 1082 eet
639 1032 940 1095 bibendum,
980 1050 1121 1083 nune
1155 1033 1286 1096 pede
1320 1032 1485 1083 libero

337 1114 594 1177 pulsanda
626 1114 816 1177 tellus;
863 1131 1005 1165 nuno
1041 1114 1327 1165 Saliaribus

403 1212 589 1246 ornare
622 1197 869 1260 pulvinar
903 1197 1122 1247 deorum

474 1281 683 1343 tempus
714 1282 826 1330 erat
860 1279 1096 1344 dapibu8‚
1137 1281 1348 1332 sodales

334 1390 552 1440 antehac
583 1389 729 1440 nefas
762 1391 1062 1454 depromere
1097 1391 1389 1442 Caecubum

334 1471 484 1522 cellis
515 1472 687 1534 avitis,
727 1472 856 1522 dum
890 1472 1145 1537 Capitolio

403 1554 582 1620 regina
614 1555 882 1605 dementes
915 1555 1092 1606 ruinas

466 1637 628 1688 funus
662 1641 714 1688 et
748 1638 967 1702 imperio
1002 1639 1215 1703 parabat

333 1750 683 1800 oontaminato
716 1767 837 1800 oum
870 1767 1025 1815 grege
1058 1750 1294 1814 turpium

332 1832 517 1882 morbo
551 1832 797 1895 virorum,
835 1833 1093 1897 quidlibet
1126 1833 1388 1897 impotens

401 1930 608 1979 sperare
643 1914 955 1979 fortunaque
991 1914 1132 1964 dulci

468 1995 624 2048 ebria.
677 1997 767 2047 sed
804 1997 1000 2047 minuit
1034 1997 1265 2047 furorem

331 2107 424 2158 vix
457 2124 564 2159 una
596 2125 775 2173 sospae
809 2109 958 2158 navis
992 2109 1058 2159 ab
1093 2108 1316 2173 ignibuS‚

330 2192 666 2256 mentemque
701 2191 1026 2255 lymphatam
1061 2191 1339 2241 Mareotico

394 2272 591 2338 redegit
624 2273 681 2323 in
716 2290 867 2323 veros
899 2274 1117 2323 timores

462 2355 660 2419 Caesar,
699 2356 766 2406 ab
799 2356 954 2406 Italia
987 2356 1254 2407 volantem

329 2466 491 2518 remis
522 2467 794 2532 adurgens,
834 2467 1078 2531 accipiter
1111 2467 1257 2518 velut

327 2549 516 2600 molles
547 2550 814 2600 columbas
846 2552 936 2600 aut
970 2549 1198 2614 leporem
1237 2549 1371 2598 citus

394 2633 612 2683 venator
643 2631 701 2681 in
737 2631 934 2696 campis
968 2631 1157 2681 nivalis

464 2713 794 2772 Haemoniae,
837 2714 980 2764 daret
1018 2716 1073 2774 ut
1110 2714 1303 2764 catenis

835 2806 865 2839 ε
886 2809 916 2840 2

1573 225 1638 281 51

1595 354 1639 392 ¹5

1584 1855 1632 1882 10

1579 2294 1624 2333 ¹5

1575 2730 1625 2758 20
