1864 2982
575 194 776 239 LIBER
830 194 867 238 1.
972 194 1155 237 x—Xll
1543 201 1616 255 23

114 561 194 610 Tu
236 577 303 610 ne
344 560 627 626 quaesieris
664 560 816 624 (scire
854 560 1019 625 nefas)
1062 576 1218 624 quem
1265 561 1414 620 mihi,
1461 577 1615 624 quem

249 643 347 691 tibi

119 724 279 774 finem
316 725 371 775 di
404 724 657 786 dederint,
697 725 982 787 Leuconoe,
1024 742 1119 775 nec
1154 725 1476 790 Babylonios

115 806 387 871 temptaris
415 823 676 857 numeros·
740 810 801 856 ut
831 808 1035 870 melius,
1064 808 1310 873 quicquid
1332 808 1447 870 erit,
1476 808 1616 871 paki!

113 905 206 939 seu
237 889 415 954 plures
444 889 646 939 hiemes
679 905 773 939 seu
806 889 993 939 tribuit
1027 890 1266 953 Iuppiter
1298 891 1559 954 ultimam,

115 988 248 1036 quae
279 987 422 1021 nunc
456 971 709 1036 oppositis
742 971 982 1022 debilitat
1014 973 1313 1036 pumicibus
1345 989 1490 1023 mare
1591 992 1613 1032 5

114 1052 480 1118 Tyrrhenum:
525 1053 710 1118 sapiae,
747 1054 874 1103 vina
905 1053 1077 1119 liques
1111 1057 1164 1104 et
1198 1055 1369 1119 spatio
1403 1055 1551 1106 brevi

114 1151 263 1200 spem
294 1134 509 1200 longam
543 1151 750 1186 reseces,
826 1135 954 1185 dum
988 1136 1266 1201 loquimur,
1305 1138 1500 1201 fugerit
1543 1138 1617 1188 in-

249 1217 372 1267 vida

11 1328 14 1329 ν
114 1301 283 1351 aetas:
316 1316 466 1364 carpe
488 1300 642 1363 diem,
674 1318 831 1365 quam
855 1301 1139 1351 minimum
1163 1302 1373 1353 credula
1396 1305 1617 1367 posssero.

803 1588 930 1638 XII.

254 1705 423 1767 Quem
456 1704 633 1754 virum
668 1709 760 1754 aut
794 1705 951 1755 heroa
986 1706 1098 1770 lyra
1134 1707 1219 1756 vel
1254 1707 1359 1756 acri

252 1786 382 1837 tibia
414 1786 584 1837 sumis
618 1787 889 1851 celebrare,
929 1788 1055 1850 Clio,

252 1885 409 1933 quem
442 1868 600 1919 deum
616 1870 645 1919 ἱ)
687 1869 837 1919 cuius
871 1869 1070 1920 recinet
1104 1869 1274 1920 iocosa

454 1967 650 2002 nomen
683 1952 857 2017 imago

252 2077 345 2126 aut
376 2075 436 2126 in
469 2074 732 2127 umbrosis
766 2075 1038 2128 Heliconis
1072 2077 1177 2127 oris

252 2161 346 2209 aut
377 2175 534 2223 super
565 2159 738 2209 Pindo
772 2160 1010 2224 gelidove
1044 2159 1101 2209 in
1136 2160 1343 2211 Haemo
1363 2163 1390 2211 ⁶?

255 2240 396 2292 unde
429 2241 662 2292 vocalem
694 2244 892 2293 femere
924 2242 1187 2293 insecutae

392 2324 598 2389 Orphea
632 2323 791 2375 silvae

254 2453 366 2499 arte
402 2451 637 2500 matema
672 2449 880 2513 rapidos
913 2452 1205 2500 morantem

255 2530 535 2581 fluminum
569 2531 749 2596 lapsus
781 2533 1073 2597 celeresque
1107 2535 1306 2594 ventos,
1572 2555 1620 2582 10

256 2613 510 2664 blandum
545 2618 598 2665 et
630 2616 831 2666 auritas
865 2617 1057 2667 fidibus
1093 2617 1294 2667 canoris

394 2696 576 2746 ducere
612 2716 842 2763 quercus.
