1864 2982
600 213 800 258 LIBER
853 215 888 258 Ι.
991 213 1077 273 IX,
1117 215 1161 257 X
1563 222 1626 257 21

267 330 391 394 quid
429 330 498 380 sit
532 330 769 380 futurum
806 347 933 392 cras,
974 331 1095 395 fuge
1131 346 1390 394 quaerere,
1432 333 1485 379 et

268 429 424 476 quem
457 412 565 462 fors
598 413 802 462 dierum
837 430 1057 477 cumque
1093 413 1256 475 dabit,
1291 413 1434 462 lucro

334 510 550 559 appone,
589 511 684 544 nec
718 495 895 544 dulces
930 511 1132 545 amores
1586 515 1632 555 15

404 594 587 641 sperne
621 594 751 641 puer
784 594 951 642 neque
986 580 1046 628 tu
1083 578 1309 637 choreaS‚

269 709 433 759 donec
466 709 658 759 virenti
693 709 910 759 canities
945 709 1092 759 abest

267 807 484 841 morosa.
558 808 699 841 nunc
733 793 786 841 et
820 807 1037 856 campus
1070 794 1123 841 et
1159 809 1305 842 areae

335 873 580 939 lenesque
613 873 711 924 sub
745 876 951 924 noctem
988 874 1189 924 susurri

403 956 688 1020 composita
723 959 1026 1020 repetantur
1059 956 1199 1017 hora,
1587 978 1637 1005 20

269 1111 410 1145 nunc
443 1098 499 1145 et
532 1095 749 1145 latentis
781 1096 1015 1159 proditor
1049 1096 1237 1146 intimo

267 1180 446 1242 gratus
478 1179 682 1243 puellae
716 1179 853 1228 risus
886 1179 951 1228 ab
986 1178 1179 1243 angulo

336 1261 628 1326 pignusque
665 1261 936 1324 dereptum
970 1261 1178 1312 lacertis

404 1346 497 1395 aut
531 1343 696 1408 digito
729 1344 867 1395 male
901 1344 1169 1409 pertinaci.

853 1618 918 1667 X.

338 1719 576 1782 Mercuri,
615 1720 835 1770 facunde
870 1736 1030 1784 nepos
1066 1719 1317 1781 Atlantis,

337 1803 428 1867 qui
461 1803 600 1854 feros
633 1803 807 1852 cultus
838 1802 1118 1852 hominum
1153 1804 1420 1853 recentum

338 1902 463 1936 voce
497 1885 735 1936 formasti
769 1888 916 1935 catus
951 1887 1004 1935 et
1040 1885 1250 1935 decorae

472 1984 619 2018 more
652 1967 951 2032 palaestrae,

338 2099 390 2142 te
424 2109 622 2156 canam,
660 2093 838 2158 magni
874 2092 1019 2143 Iovis
1053 2096 1107 2143 et
1141 2092 1355 2142 deorum
1613 2111 1634 2151 5

339 2175 590 2226 nuntium
625 2192 913 2241 curvaeque
947 2176 1091 2240 lyrae
1126 2178 1411 2239 parentem,

339 2257 590 2308 callidum
625 2258 870 2323 quicquid
906 2259 1102 2322 placuit
1138 2258 1308 2308 iocoso

474 2341 694 2391 condere
728 2341 883 2392 furto.

341 2469 406 2527 te,
444 2464 602 2515 boves
639 2465 764 2515 olim
802 2466 904 2515 nisi
940 2466 1252 2517 reddidisses

340 2563 434 2610 per
465 2546 646 2598 dolum
681 2550 893 2610 amotas,
933 2565 1150 2612 puerum
1187 2549 1378 2599 minaci
1592 2569 1638 2597 10

339 2645 463 2679 voce
497 2629 623 2679 dum
659 2632 838 2691 terret,
876 2630 1066 2681 viduus
1102 2632 1343 2695 pharetra

479 2711 592 2762 risit
625 2712 827 2776 Apollo
